3674 5262
669 243 711 291 ex
734 245 760 290 s.
779 245 809 290 c.
825 244 948 292 nrrnuu
1442 229 1483 295 35

204 343 394 414 Pontificis
406 345 515 434 igitur
527 346 752 431 auctoritate,
766 345 1013 434 omniumque
1026 347 1274 431 Eremitarum
1292 366 1483 418 consensu

135 451 172 520 in
198 453 326 522 Eremi
342 452 556 547 Magisterio
580 450 754 523 firmatus
769 455 907 524 Beatus
923 451 1127 542 Lanuinu‘s,
1153 473 1307 543 gregem
1324 455 1395 526 sibi
1410 470 1488 526 cre-

134 561 257 630 ditum
278 561 400 650 coepit
415 561 629 630 mirabiliter
645 560 680 628 in
698 562 876 630 omnibus
892 581 1032 650 regere,
1058 566 1093 634 et
1108 563 1157 631 ad
1173 567 1323 633 aeterna
1341 583 1484 651 pascua

135 669 309 758 dirigere,
334 689 379 740 ac
395 689 437 738 se
459 669 497 737 iu
514 669 746 738 Sanctissimi
762 670 881 738 Patris
897 670 1084 738 Brunonis
1107 670 1350 757 purissimam
1369 667 1482 741 vitam

136 775 429 860 transformavit,
454 777 555 846 unde
578 777 681 863 apud
704 795 840 846 omnes
864 777 1032 847 exhibuit
1054 797 1139 848 sese
1163 777 1199 846 in
1216 780 1422 865 stuporem,
1448 785 1485 848 et

136 885 311 956 miranda
334 905 482 973 rerum,
513 889 743 974 quapropter
765 903 855 954 vere
879 886 926 955 de
950 904 995 954 eo
1020 885 1142 955 dicere
1166 889 1355 972 poterant,
1380 889 1482 974 quod

133 993 169 1060 in
196 992 632 1082 Ecclesiasticolegitur:
664 994 836 1061 Mortuus
859 997 916 1062 est
942 994 1052 1062 Pater
1075 992 1172 1078 eiuS,
1206 997 1241 1060 et
1267 993 1374 1080 quasi
1406 1013 1481 1062 non

127 1105 236 1168 esset
260 1105 454 1186 mortuus3
479 1099 640 1168 similem
666 1099 766 1168 enirn
791 1099 938 1186 reliquit
959 1103 1045 1186 post
1067 1119 1110 1169 se
1133 1099 1213 1169 sibi.

200 1211 293 1278 Erat
315 1210 416 1278 enim
441 1207 739 1278 inobservantia
766 1205 974 1276 solitudinis
996 1207 1206 1296 studiosus,
1238 1209 1276 1278 in
1304 1209 1482 1279 orationis

130 1313 536 1402 contemplationisque
551 1313 699 1383 fervore
723 1312 914 1384 relucebat
936 1317 1131 1402 tamquam
1148 1315 1241 1386 alter
1254 1318 1419 1404 Moyses
1444 1318 1481 1386 in

130 1420 445 1490 abstinentiarum
476 1419 744 1507 asperitudine,
776 1439 892 1490 suum
923 1439 1089 1508 namque
1120 1421 1267 1492 reflexit
1296 1424 1480 1512 rigorem:

132 1549 209 1597 non
235 1530 338 1598 enim
363 1535 440 1598 tam
464 1527 615 1598 sollicita
638 1529 687 1598 ab
710 1529 835 1596 Eremi
858 1528 1015 1617 negotiis
1038 1547 1081 1599 se
1105 1530 1338 1618 expediebat,
1363 1551 1480 1619 quam

132 1635 181 1704 ad
206 1637 397 1705 eremitice
420 1635 647 1724 gustandam
672 1635 896 1704 suavitatem
919 1634 1125 1705 festinabat.
1157 1637 1356 1706 Fatebatur
1380 1638 1480 1708 enim

132 1741 291 1829 plorans
313 1761 443 1812 rerum
468 1741 731 1828 temporalium
755 1743 1038 1812 exercitationes
1062 1743 1170 1812 datas
1184 1742 1301 1812 fuisse
1324 1744 1372 1812 ad
1396 1763 1485 1832 poe-

130 1850 345 1935 nitentiam,
377 1849 616 1920 solitudinem
641 1867 731 1918 vero
759 1851 806 1920 ad
835 1847 1081 1946 gustandum,
1117 1871 1234 1938 quam
1266 1852 1396 1922 suavis
1425 1859 1482 1922 est

129 1955 329 2041 Dominus,
355 1961 391 2025 et
413 1957 461 2025 ad
484 1954 648 2024 futuram
673 1955 938 2026 beatitudinem
961 1954 1170 2044 fruendam,
1199 1959 1482 2047 negotiandum-

130 2081 206 2150 que
231 2081 321 2132 cum
347 2063 506 2132 Summo
530 2063 691 2131 Numine
721 2060 814 2132 facie
842 2063 889 2132 ad
918 2061 1060 2132 faciem.
1096 2066 1173 2133 Nec
1204 2067 1294 2134 salis
1325 2085 1480 2136 narrare

131 2189 345 2256 possumus
368 2170 465 2240 illius
489 2170 765 2240 sanctissimam
783 2170 896 2240 vitam
921 2169 1031 2240 bonis
1047 2172 1227 2257 operibus
1249 2172 1478 2260 affluentem,

129 2295 272 2364 nempe
296 2297 412 2347 sanae
432 2278 621 2373 doctrinae
637 2278 816 2348 industria
840 2277 928 2346 boni
944 2279 1144 2367 regiminis,
1170 2279 1349 2367 singulari
1375 2300 1482 2368 regu·

129 2383 220 2454 laris
236 2385 454 2472 disciplinae
471 2385 666 2474 vigilantia,
691 2383 837 2454 fervore
854 2385 989 2472 arrepti
1005 2385 1193 2472 propositi,
1219 2387 1476 2458 benevolentia

129 2491 318 2576 Fratrum,
343 2492 454 2561 divini
481 2492 635 2561 honoris
657 2493 747 2578 zela,
773 2492 930 2561 iustitiae
952 2491 1178 2587 rectitudine,
1204 2494 1279 2578 Dei,
1301 2497 1479 2582 proximi-

127 2617 205 2684 que
229 2597 425 2684 charitate,
451 2599 487 2666 in
512 2617 699 2686 pauperes
722 2599 977 2682 miseratione,
1010 2603 1046 2667 et
1069 2598 1206 2669 suimet
1232 2601 1401 2688 rigorosa
1426 2602 1478 2670 di·
1543 2669 1546 2679 ,

125 2703 299 2790 sciplina,
325 2705 372 2773 de
396 2705 534 2792 quibus
559 2705 742 2774 Summus
758 2704 928 2775 Pontifex
951 2706 1142 2776 Paschalis
1158 2708 1358 2776 Secundus
1382 2709 1479 2779 bene
1540 2789 1546 2801 ⁵

127 2809 299 2894 edoctus
325 2810 361 2878 ln
384 2831 452 2881 sua
479 2812 676 2899 prudentia
700 2809 896 2880 confidens
920 2813 1092 2899 plurima,
1117 2815 1212 2883 etin
1237 2815 1394 2885 modum
1419 2837 1478 2886 ar-

127 2917 206 2986 dua
231 2917 266 2986 ei
291 2917 538 2988 ecclesiastica
571 2919 717 3008 negotia
741 2919 946 3006 commisit,
980 2925 1016 2988 et
1038 2921 1229 3008 signanter
1261 2923 1479 2993 auctoritate

128 3023 345 3110 Apostolico
371 3025 584 3094 Catacensis
609 3025 826 3095 Provinciae
850 3026 992 3095 Censor
1015 3025 1171 3095 effectus
1195 3047 1334 3113 pravos
1350 3048 1478 3098 mores

127 3127 286 3217 avulsit}
310 3150 401 3201 cura
427 3133 536 3202 etiam
561 3130 658 3200 illius
681 3151 726 3202 ac
749 3132 946 3220 vigilantia,
972 3133 1080 3201 Sedis
1096 3135 1331 3220 Apostolicae
1356 3141 1480 3205 aucto

129 3240 235 3308 ritate
252 3239 562 3326 compositionem
576 3239 768 3308 Militensis
780 3239 977 3326 Ecclesiae,
992 3239 1287 3328 electionemque
1304 3241 1350 3311 de
1363 3241 1477 3330 digno

129 3345 303 3416 Praelato
320 3347 586 3416 demandatam
603 3345 728 3416 fuisse.
752 3351 807 3416 Ac
823 3346 933 3415 simili
948 3347 1063 3416 modo
1080 3349 1127 3417 de
1144 3348 1314 3436 eligendo
1332 3349 1477 3420 Abbate

127 3455 164 3523 S.
184 3455 331 3540 Iuliani,
355 3458 391 3523 et
413 3455 460 3523 de
484 3454 698 3542 provisione
721 3454 809 3522 boni
840 3455 1005 3524 Pastoris
1038 3455 1073 3522 in
1098 3455 1324 3525 lllonosterio
1355 3457 1390 3524 S.
1408 3459 1478 3525 Eu·

129 3565 317 3654 phemiae,
345 3563 392 3632 ad
417 3563 525 3632 cuius
549 3563 776 3650 pastoralem
800 3562 1026 3650 diligentiam
1058 3563 1186 3652 plures
1211 3563 1388 3652 epistolae
1412 3566 1478 3634 Pa·

121 3671 268 3742 scholis
292 3671 418 3757 Papae
442 3670 603 3740 Secundi
628 3667 788 3740 directae
812 3668 979 3758 fuerunt,
1008 3676 1044 3739 et
1067 3672 1113 3740 de
1139 3671 1354 3740 huiusmodi
1378 3675 1478 3758 Apo·

124 3779 268 3848 stolicis
292 3777 424 3847 officiis
447 3778 540 3848 tales
563 3779 607 3846 V.
624 3782 655 3846 3.

196 3887 344 3970 Quibus
362 3885 584 3974 apostolicis
601 3885 932 3954 commissionibus
955 3887 1092 3955 Beatus
1109 3885 1304 3954 Lanuinus
1329 3884 1479 3971 diligen-

128 4001 192 4077 ter,
217 3999 255 4064 et
276 4012 430 4062 summa
454 4011 543 4062 cum
567 3993 754 4082 vigilantia
777 4011 822 4061 ac
845 3993 968 4062 studio
993 3993 1162 4079 peractis
1188 3992 1355 4061 notitiam
1378 3991 1475 4060 illico

127 4103 291 4170 Summo
316 4099 417 4169 dedit
438 4097 619 4185 Pontifici,
645 4104 686 4167 ut
709 4119 759 4168 ex
782 4099 852 4168 alia
877 4099 1047 4168 ciusdem
1072 4097 1475 4186 comprehenditur...

129 4209 185 4276 Ex
201 4225 280 4295 quo
304 4206 546 4293 epistolarum
564 4211 692 4276 tenore
718 4207 854 4294 liquido
871 4211 1023 4290 constat,
1050 4225 1165 4294 qriam
1191 4205 1395 4292 prudenter
1411 4206 1475 4274 uli·

129 4314 284 4402 literque
305 4312 507 4381 Pontiflciis
521 4315 816 4402 delegationibus
840 4314 1020 4382 obedierit
1036 4315 1073 4380 P.
1089 4315 1131 4381 N.
1149 4313 1354 4398 LanuinuS,
1380 4313 1477 4381 ideo

125 4439 200 4508 que
225 4421 375 4490 lucerna
404 4422 536 4490 lucens
559 4427 595 4490 et
618 4422 756 4490 ardens
780 4419 1088 4491 manifestabatur
1111 4421 1261 4508 ubique,
1287 4420 1373 4508 quia
1398 4437 1474 4487 non

128 4533 271 4596 tantum
295 4529 331 4596 ln
356 4527 550 4598 Calabriae
573 4528 783 4616 provinciis,
809 4533 845 4597 et
863 4528 1106 4615 Neapolitano
1124 4529 1257 4616 Regno
1282 4525 1478 4596 Pascbalis
