3694 5230
347 265 406 328 210
940 282 1095 328 asumma.

349 383 521 460 lamrero
550 387 661 486 putat
688 389 872 486 patronus
901 385 1131 488 Episcopum
1151 386 1341 463 Arianum
1361 385 1402 462 in
1421 385 1610 462 erectione
1631 411 1691 462 so-

348 503 521 582 dalitatis
550 509 734 581 rectorem
762 505 1010 582 constituisse
1037 530 1104 608 pro
1132 505 1268 582 officiis
1297 504 1560 610 spiritualibus
1579 506 1697 582 adim-

349 625 496 729 plendis
524 628 563 700 et
590 624 759 701 eiusdem
787 626 1001 702 sodalitatis
1030 629 1183 702 statuta
1212 625 1466 729 praescribere
1498 628 1543 700 ut
1569 630 1696 702 rector

348 747 607 824 functionibus
635 770 711 822 non
740 745 1026 848 paroecialibus,
1058 745 1336 848 missarumque
1364 744 1605 822 celebrationi
1634 771 1695 820 sa-

349 867 533 945 tisfaciat.
559 863 628 942 'Eo
665 891 781 968 quum
816 867 950 943 horum
991 866 1240 942 observantia
1267 864 1483 968 praefatum
1511 865 1627 945 Urbis
1656 870 1696 940 et

349 985 461 1064 Orbis
489 986 681 1062 decretum
718 985 1069 1062 immemorabiliter
1097 984 1319 1087 praecedat,
1352 985 1507 1061 minime
1541 983 1695 1088 proinde

349 1108 393 1184 ab
422 1106 493 1182 hoc
521 1106 740 1206 abrogatam
768 1106 887 1182 fuisse
915 1107 1094 1206 consequi
1122 1108 1268 1198 tuetur,
1293 1105 1357 1180 sed
1376 1105 1530 1182 omnino
1557 1103 1697 1180 immu-

351 1253 438 1304 nem
466 1231 505 1302 et
533 1226 575 1301 in
605 1251 672 1301 sno
699 1227 829 1302 robore
856 1225 1125 1328 permansisse.

432 1348 637 1424 Praeterea
650 1349 836 1423 assertum
860 1371 971 1422 suum
990 1346 1229 1450 comprobare
1247 1345 1388 1423 nititur
1401 1351 1586 1450 patronus
1606 1369 1697 1422 con-

353 1466 526 1559 tendens,
559 1465 800 1543 sodalitatem
832 1491 909 1543 non
938 1467 1046 1542 modo
1083 1466 1295 1542 oratorium
1328 1465 1503 1543 habuisse
1542 1466 1586 1543 ab
1615 1465 1699 1568 ipsa

351 1587 511 1664 ecclesia
540 1587 677 1666 SSrirae
702 1587 970 1665 Annuntiatae
998 1587 1152 1663 omnino
1172 1586 1418 1679 distinctum3
1452 1587 1515 1663 sed
1543 1587 1699 1688 insuper

352 1708 548 1784 indubium
576 1707 729 1782 omnino
756 1732 837 1784 esse
856 1707 902 1783 ad
921 1709 1043 1811 ipsam
1072 1708 1314 1784 sodalitatem
1343 1707 1571 1810 pertinuisse
1589 1729 1699 1810 prae-
1817 1795 1818 1800 Ἰ

355 1829 474 1906 fatam
501 1827 713 1922 ecclesiam,
744 1834 948 1929 antequam
977 1829 1069 1904 haec
1087 1828 1133 1904 ad
1153 1830 1347 1931 paroeciae
1376 1827 1536 1930 gradum
1562 1827 1701 1903 evehe-

353 1953 476 2042 retur,
508 1949 563 2024 ita
582 1953 626 2025 ut
654 1973 788 2025 revera
813 1949 972 2026 admitti·
986 1949 1116 2025 debeat
1144 1949 1359 2052 paroeciam
1377 1949 1418 2024 in
1437 1947 1596 2024 ecclesia
1614 1971 1700 2023 oon·

355 2068 625 2168 fraternitatis,
656 2092 730 2144 non
759 2073 887 2145 autem
924 2068 1282 2146 confraternitatem
1309 2070 1350 2145 in
1379 2067 1538 2146 ecclesia
1569 2091 1701 2170 paroe-

357 2187 446 2264 ciali
475 2186 592 2264 fuisse
620 2193 799 2265 erectam.

433 2307 559 2409 Atque
588 2309 724 2386 exinde
759 2310 879 2386 insert
907 2308 1061 2386 minime
1101 2309 1142 2385 in
1171 2335 1261 2386 casu
1296 2309 1489 2414 praesenti
1523 2332 1605 2384 esse
1633 2333 1700 2410 ap-

355 2429 551 2535 plicandas
580 2430 828 2506 resolutiones
865 2431 978 2532 primi
1012 2435 1052 2506 et
1080 2429 1235 2506 secundi
1271 2429 1374 2506 dubii
1412 2429 1611 2505 memorati
1639 2428 1702 2504 de-

354 2552 450 2628 creti
491 2549 606 2626 Urbz's
644 2563 678 2626 et
720 2549 845 2634 Orbis,
889 2550 1069 2625 videlicet
1107 2549 1446 2626 confraternitates
1479 2552 1628 2625 erectas
1662 2549 1702 2625 in

357 2671 527 2749 ecclesiis
563 2671 841 2772 parochialibus
883 2670 1043 2772 pendere
1071 2696 1094 2745 a
1123 2669 1287 2772 parocho
1325 2668 1446 2771 quoad
1483 2668 1699 2746 functiones

358 2815 435 2868 non
451 2791 708 2890 paroeciales
739 2790 803 2865 sed
831 2791 969 2892 potius
984 2789 1109 2866 locum
1136 2814 1218 2865 esse
1248 2789 1431 2866 decisioni
1459 2787 1501 2864 in
1530 2791 1647 2865 tertio
1666 2793 1705 2864 et

357 2912 493 3009 quarto
521 2909 687 2984 eiusdem
715 2908 856 2985 decreti
884 2909 995 2985 dubio
1031 2925 1246 3012 expressae,
1278 2910 1390 2986 iuxta
1417 2933 1530 3010 quam
1563 2907 1703 2984 sodali·

356 3033 456 3105 tates
486 3028 525 3103 in
554 3028 703 3131 publica
730 3029 903 3120 ecclesia,
926 3029 1099 3106 seiuncta
1127 3055 1150 3106 a
1177 3031 1365 3132 paroecia,
1397 3035 1558 3122 erectae,
1582 3028 1703 3130 quoad

359 3147 575 3226 functiones
613 3147 887 3225 ecclesiasticas
927 3173 1003 3225 non
1035 3148 1266 3251 paroeciales
1304 3139 1464 3226 minime
1492 3175 1515 3224 a
1541 3148 1703 3251 parocho

357 3267 583 3372 dependent.
615 3268 778 3344 Demum
806 3269 985 3371 opinatur
1012 3293 1089 3345 non
1119 3294 1199 3345 esse
1227 3269 1504 3363 omittendum,
1536 3269 1634 3371 quod
1661 3269 1702 3345 in

357 3391 525 3490 qualibet
551 3388 712 3466 absurda
739 3390 944 3492 hypothesi
973 3389 1288 3468 Confraternitas
1309 3389 1583 3467 immaculatae
1603 3389 1703 3468 Con-

357 3509 549 3612 ceptionis
569 3509 686 3586 etiam
713 3509 754 3586 in
782 3535 961 3620 praesens
980 3511 1174 3614 proprium
1196 3511 1310 3589 habet
1334 3510 1530 3604 sacellum,
1563 3511 1622 3586 uti
1641 3535 1703 3585 sn-

299 3653 300 3658 *
358 3657 427 3736 pra
455 3629 664 3725 innuimus,
687 3631 733 3706 ad
763 3631 859 3732 quod
888 3631 1061 3706 accedere
1081 3633 1206 3732 potest
1235 3632 1325 3732 quin
1345 3637 1516 3710 transeat
1545 3657 1610 3733 per
1630 3631 1703 3707 Ec·-

358 3749 527 3826 clesiam.
559 3749 673 3825 Hisce
701 3775 793 3826 vero
821 3750 978 3826 adnotat
1006 3754 1206 3852 patronus
1237 3754 1277 3825 et
1306 3751 1536 3853 Episcopum
1565 3751 1606 3826 in
1635 3773 1703 3825 sna

359 3872 567 3964 sententia,
598 3872 771 3974 superius
800 3871 936 3962 relata,
968 3869 1185 3964 adhaerere,
1217 3871 1360 3972 inqua
1390 3870 1479 3946 licet
1506 3869 1699 3962 decernat,

359 3993 562 4067 missarum
590 3991 838 4068 celebratione
866 3993 1038 4092 excepta,
1070 3997 1215 4068 ceteras
1245 3991 1460 4067 functiones
1489 3997 1570 4067 esse
1599 4015 1704 4067 aso-

360 4111 533 4188 dalitatis
561 4124 706 4188 rectore
734 4112 940 4214 explendas
968 4110 1221 4212 dependenter
1240 4139 1263 4188 a
1282 4113 1459 4215 parocho,
1490 4112 1548 4188 ita
1571 4115 1701 4186 tamen

254 4226 255 4229 '
361 4231 398 4306 id
427 4233 517 4308 fieri·
536 4232 680 4326 debeat,
705 4237 747 4308 ut
765 4257 834 4335 pro
861 4229 1002 4306 eisdem
1031 4231 1131 4308 adsit
1159 4233 1357 4336 permissio
1390 4231 1544 4335 parochi
1573 4233 1615 4308 in
1644 4231 1703 4308 his

360 4376 455 4454 quae
483 4358 574 4428 sunt
602 4353 642 4428 in
671 4377 740 4429 sua
767 4351 968 4446 facultate,
1000 4352 1062 4427 vel
1090 4353 1283 4456 Episcopi.
1321 4353 1468 4431 Contra
1500 4378 1613 4454 quam
1642 4357 1701 4428 ta-

360 4498 447 4549 men
475 4473 763 4577 dependentiam
791 4476 920 4548 orator
947 4471 1144 4566 reclamat,
1168 4498 1341 4550 asserens
1370 4498 1445 4550 non
1474 4497 1583 4576 posse
1612 4472 1706 4575 Epi-

359 4619 514 4698 scopum
542 4595 678 4696 absque
705 4581 1016 4670 contradictionis
1045 4597 1136 4670 nota
1163 4593 1472 4671 confraternitati
1507 4618 1604 4670 onus
1633 4595 1704 4669 im-
