3672 5216
572 365 576 374 ,
700 303 920 348 casrmuarus
1123 303 1124 308 ¹
1438 281 1477 344 89

137 405 260 482 virilis
288 407 446 484 membri
474 407 703 483 erectionem
733 405 812 508 pati
843 429 916 480 non
945 404 1087 510 possit;
1119 402 1160 478 2.
1194 401 1322 480 Caroli
1347 401 1479 478 virilia

136 526 189 602 ita
217 553 240 604 a
267 531 407 604 natura
436 529 674 604 conformata
701 549 806 619 esse,
848 529 914 616 ut,
950 524 1040 600 data
1067 523 1185 600 etiam
1212 522 1370 598 membri
1397 545 1479 597 ere-

134 647 273 741 ctione,
305 651 359 726 sit
385 652 425 725 et
454 652 607 726 maneat
626 671 740 724 verus
768 648 891 722 coitus
910 645 1176 748 impossibilis3
1200 644 1310 746 idque
1337 643 1478 745 duplici

134 789 348 858 excausa,
385 768 563 845 videlicet.
597 773 680 844 tum
708 793 757 844 ex
792 767 937 842 enormi
975 765 1163 869 praeputii
1198 790 1344 858 massa,
1384 786 1479 864 quae

137 887 294 990 impedit
333 890 534 990 quominus
570 889 685 964 virile
719 897 928 964 membrum
966 911 1081 987 usque
1115 885 1162 964 ad
1197 884 1377 962 muliebre
1410 909 1479 959 vas

136 1008 354 1108 pertingere
383 1009 516 1110 possit,
548 1012 631 1084 tum
660 1007 903 1085 exeiusdem
933 1007 1122 1112 praeputii
1141 1006 1351 1097 debilitate,
1384 1028 1479 1106 qnae

136 1128 305 1205 maritali
334 1130 554 1230 congressui
583 1129 738 1206 omnino
767 1153 806 1204 se
834 1130 1005 1230 opponit.
1022 1161 1026 1168 ·
1046 1127 1118 1204 Est
1146 1127 1267 1228 igitur
1299 1151 1337 1201 er
1349 1126 1476 1216 ideas,

134 1247 175 1322 in
204 1249 348 1325 talibus
376 1247 669 1338 conditionibus
694 1249 980 1351 impossibilitas
999 1246 1360 1338 consummationis3
1394 1271 1482 1320 nam

135 1367 183 1442 ibi
213 1372 275 1444 est
304 1394 396 1444 vera
431 1370 708 1472 consummatio
747 1369 1014 1472 impossibilia,
1056 1369 1117 1445 ubi
1146 1373 1205 1442 est
1238 1366 1482 1468 impossibilis

135 1511 252 1562 verus
281 1489 418 1564 coitus.
451 1490 570 1589 Atqui
599 1488 640 1566 in
669 1515 755 1566 casu
777 1515 892 1566 verus
911 1490 1034 1566 coitus
1054 1490 1183 1566 haberi
1212 1513 1286 1564 non
1315 1492 1478 1591 poterat.

136 1605 242 1708 Ergo
270 1633 362 1682 vera
390 1609 667 1696 consummatio
687 1609 763 1685 fuit
781 1609 936 1685 omnino
964 1615 1003 1684 et
1022 1603 1192 1686 absolute
1222 1607 1478 1709 impossibilis.

217 1726 302 1834 Duo
330 1727 526 1828 igiturex
555 1727 663 1804 Actis
693 1728 925 1806 sufficienter
952 1733 992 1804 et
1020 1728 1177 1804 iuridice
1196 1735 1354 1832 manent
1382 1750 1485 1812 com·
1526 1709 1537 1728 ’

138 1848 318 1949 probata,
359 1849 456 1924 idest
484 1848 627 1926 factum
658 1874 735 1925 non
763 1855 944 1950 sequutae
973 1848 1312 1926 consummationis
1345 1850 1384 1922 et
1412 1848 1484 1923 im-

136 1967 431 2069 possibilitatem
469 1970 635 2044 eiusdem
672 1969 918 2062 obtinendae,
957 1971 1057 2046 datis
1098 1968 1401 2062 conditionibus,
1443 1969 1483 2045 in

134 2089 272 2188 quibus
301 2089 462 2168 Carolus
491 2089 761 2194 reperiebatur.
793 2092 868 2166 Ast
888 2089 1103 2166 huiusmodi
1121 2089 1355 2166 conditiones
1385 2088 1495 2165 tales'

137 2213 184 2282 ne
223 2214 315 2284 sunt
358 2214 402 2286 ut
440 2211 674 2324 sufficienter
709 2211 972 2288 demonstrent
1010 2212 1257 2312 impotentiae
1294 2209 1487 2313 perpetui·

138 2329 293 2406 tatem?

221 2451 506 2548 Affirmativam
543 2453 826 2555 responsionem
855 2454 1035 2556 praebent
1072 2450 1187 2553 periti
1224 2449 1373 2524 medici.
1410 2449 1485 2524 Ast

95 2673 100 2684 Ι
136 2571 347 2696 eg0‚·licet
375 2573 570 2674 profanus,
603 2597 677 2649 non
708 2578 799 2675 puto
838 2574 936 2650 hanc
964 2559 1237 2648 affirmativam
1273 2569 1487 2672 responsio-

140 2714 228 2765 nem
257 2716 339 2766 esse
358 2692 589 2768 sufficienter
617 2693 931 2770 demonstratam.
965 2692 1018 2780 Et
1038 2717 1079 2768 re
1106 2691 1255 2792 quidem
1276 2716 1382 2786 vera,
1400 2697 1485 2768 ¹tres
1556 2751 1558 2758 .

139 2813 235 2886 sunt
263 2811 550 2914 principaliores
580 2813 762 2906 rationes
793 2813 926 2914 quibus
956 2813 1179 2890 innituntur
1200 2811 1312 2913 periti
1333 2809 1483 2903 medici,

142 2935 186 3006 ut
214 2931 462 3034 impotentiae
491 2923 784 3036 perpetuitatem
812 2934 986 3009 doceant.
1018 2933 1142 3010 Aiunt
1169 2933 1271 3008 enim
1296 2930 1330 3007 l.
1364 2931 1490 3032 longi-

142 3051 316 3128 tudinem
345 3053 470 3129 virilis
510 3055 665 3129 membri
696 3079 770 3130 non
800 3054 1002 3158 provenire
1030 3079 1078 3130 ex
1106 3052 1324 3128 cavernosis
1357 3075 1488 3153 corpo-

142 3172 261 3275 ribus,
293 3197 387 3274 quae
415 3197 497 3250 esse
525 3175 658 3250 dieunt
686 3201 826 3276 parva,
863 3175 996 3250 tenuia
1023 3181 1062 3250 et
1091 3173 1236 3273 rigida3
1269 3171 1332 3246 sed
1363 3171 1489 3272 potius

142 3318 192 3369 ex
220 3294 391 3369 abnormi
420 3295 609 3397 praeputii
639 3294 878 3395 longitndine
907 3320 950 3371 ao
978 3295 1249 3384 varicositate3
1282 3290 1379 3366 unde
1407 3314 1489 3364 ere·

141 3413 309 3489 ctionem
337 3413 606 3515 impossibilem
636 3417 795 3516 putant;
828 3415 868 3491 2.
901 3421 1079 3491 asserunt
1108 3413 1289 3491 Carolum
1318 3411 1489 3486 hebetem

142 3559 239 3625 esse,
273 3535 428 3636 ideoque
457 3535 582 3611 virilis
611 3536 806 3636 potentiae
824 3536 1062 3638 incapacem;
1096 3535 1135 3611 3.
1158 3534 1307 3608 demum
1336 3556 1384 3606 ex
1404 3531 1487 3632 ipsa

146 3679 271 3730 massa
299 3653 489 3757 praeputii
517 3679 637 3754 neque
656 3655 813 3748 coitum,
836 3680 953 3755 neque
976 3655 1184 3756 potentiam
1207 3653 1378 3727 suturam
1407 3673 1494 3752 pos·

146 3774 295 3851 sibilem
325 3782 554 3876 agnoscunt.

226 3895 300 3972 Sed
328 3901 461 3972 eontra
490 3901 549 3972 est
582 3896 617 3971 l.
649 3897 745 3996 quod
775 3897 956 3972 iudicium
976 3896 1020 3984 de
1042 3893 1259 3972 cavernosis
1278 3889 1493 3991 corporibus

147 4022 295 4091 certum
324 4041 399 4091 non
429 4018 580 4118 praebet
614 4021 883 4118 argumentum
913 4017 987 4092 nisi
1016 4016 1284 4092 examinentur
1310 4012 1358 4087 in
1387 4015 1493 4086 statu

148 4136 367 4230 erectioniS,
398 4137 509 4212 iuxta
536 4163 594 4229 ea,
626 4162 720 4237 quae
749 4137 843 4212 mihi
872 4143 1020 4214 asserta
1048 4137 1206 4212 fuerunt
1235 4159 1257 4208 a
1282 4131 1494 4234 perillustri

150 4256 309 4356 quodam
339 4257 494 4350 medice,
526 4283 636 4358 quem
667 4258 735 4332 hoc
754 4257 919 4352 incasu,
941 4264 980 4334 et
999 4259 1070 4334 hac
1098 4259 1139 4334 in
1163 4281 1203 4332 re
1222 4251 1496 4330 consulendum

152 4379 300 4478 putavi.
334 4379 458 4479 Igitur
486 4405 533 4455 ex
554 4380 625 4455 hac
645 4380 768 4480 prima
788 4379 1016 4456 medicorum
1038 4381 1199 4472 ratione,
1231 4377 1276 4452 ad
1305 4400 1497 4451 sumnmm
1595 4405 1600 4416 ·

152 4498 409 4598 probabilitas,
442 4524 516 4576 non
545 4524 637 4578 rero
657 4501 844 4576 certitudo
866 4507 1068 4604 perpetuae
1096 4497 1345 4603 impotentiae
1364 4496 1496 4572 deduci

152 4621 299 4719 potest3
333 4620 373 4695 2.
396 4619 663 4697 animadverto
692 4621 1073 4698 contra'medicorum
1094 4621 1285 4725 peritiam,
1309 4617 1406 4717 quod
1425 4618 1497 4719 ipsi
