3650 5242
904 374 1138 456 ORANEN.

675 553 976 640 ¹raornrnrarrs
1013 587 1061 640 or
1089 588 1355 642 exeunsroms

518 807 577 868 Die
599 805 622 861 2
644 807 742 864 lauti
767 805 867 865 1893.

435 972 696 1050 Oourenurun
725 992 851 1045 oncri.
902 969 1109 1069 Presbyter
1137 968 1272 1070 loseph
1301 968 1419 1062 cata,
1460 967 1643 1044 oriundus
1676 993 1697 1042 e

354 1091 527 1169 Dioecesi
555 1089 831 1166 Barcinonensi
858 1089 899 1163 in
929 1089 1138 1191 Hispania,
1169 1112 1269 1165 anno
1302 1087 1402 1168 1873
1431 1087 1604 1164 Africam
1634 1112 1700 1190 pe-

355 1218 457 1304 tens,
488 1235 626 1314 paucos
655 1213 741 1312 post
769 1235 932 1300 mansee,
963 1210 1007 1284 ab
1036 1208 1239 1284 Ordinario
1267 1207 1455 1285 Oranensi
1482 1207 1699 1311 praefectus

357 1333 448 1424 luit,
479 1355 547 1408 ceu
577 1330 771 1422 VicariuS,
803 1329 996 1431 paroeciae
1015 1327 1286 1430 Karguentah,
1319 1328 1379 1404 ubi
1400 1330 1619 1406 morabatur
1636 1353 1701 1404 co-

316 1505 320 1514 ,
354 1455 459 1530 lonia
478 1453 603 1556 gentis
623 1452 864 1553 Hispanicae.
898 1452 1105 1552 Presbyter
1124 1451 1223 1528 Cata
1241 1475 1388 1553 semper
1407 1451 1488 1553 egit
1516 1455 1561 1528 ut
1578 1451 1699 1527 bonus

354 1579 486 1678 pastor
512 1599 604 1675 erga
631 1572 760 1648 fideles
789 1572 858 1647 sibi
887 1570 1075 1663 creditos,
1106 1571 1170 1671 qui
1200 1571 1333 1672 linguat
1361 1573 1597 1672 moribusque
1624 1571 1703 1646 eis-

354 1697 440 1772 dem
468 1696 691 1772 utebantur.

437 1819 549 1894 Anno
582 1814 683 1893 1876
712 1815 806 1890 bono
835 1813 1028 1916 spirituali
1057 1812 1272 1902 animarum
1292 1816 1418 1888 motus
1446 1811 1610 1912 Asylum
1639 1812 1703 1886 in—

355 1938 517 2014 stituere
544 1935 746 2038 cogitavit,
779 1936 819 2012 in
847 1959 919 2036 quo
946 1933 1047 2010 filiae
1069 1933 1341 2035 Hispanorum,
1364 1957 1441 2008 una
1459 1956 1545 2018 cum
1565 1932 1703 2007 alimo-

357 2059 447 2153 niis,
469 2057 649 2159 religiost
676 2059 790 2158 atque
808 2055 915 2130 civili
935 2053 1157 2130 educatione
1176 2053 1406 2130 ditarentur.
1439 2052 1510 2130 Sed
1529 2077 1617 2155 opes
1636 2052 1706 2128 de-

354 2184 487 2272 erant,
519 2183 562 2254 ut
591 2177 694 2254 solus
724 2177 940 2277 incoeptum
967 2173 1151 2250 conficere
1179 2173 1350 2248 valeret:
1392 2174 1481 2250 hinc
1511 2173 1704 2276 publicam

355 2301 585 2377 charitatem
615 2299 655 2374 in
684 2297 743 2373 sui
772 2296 961 2372 auxilium
989 2295 1192 2370 excitavit.
1238 2303 1243 2312 '
1812 2295 1813 2298 ’

436 2420 686 2512 Ordinarius,
711 2423 755 2493 ut
783 2441 875 2519 opus
904 2415 1165 2518 perficeretur,
1196 2418 1420 2491 auctorante
1446 2415 1564 2492 Curia
1581 2415 1708 2491 eccle-
1812 2487 1813 2494 ,

355 2542 527 2631 siastioa,
559 2541 668 2634 sivit,
702 2541 746 2614 ut
773 2561 886 2639 capsa
909 2537 1114 2638 poneretur
1133 2535 1172 2610 in
1193 2534 1367 2611 Ecclesia
1385 2535 1578 2637 paroeciae
1599 2535 1708 2611 Kar·
1812 2533 1813 2565 1

358 2662 551 2766 guentah,
583 2664 622 2736 et
650 2664 695 2735 ut
722 2658 845 2734 clerus
874 2655 1088 2743 Dioecesis,
1119 2679 1321 2756 omnesque
1350 2655 1500 2732 animae
1528 2654 1612 2757 piae
1641 2681 1709 2732 ac-

356 2783 591 2861 cersirentur
619 2779 665 2870 ad
693 2803 786 2880 opus
815 2777 1031 2852 charitatis.
1063 2775 1232 2851 Tandem
1261 2780 1390 2853 coetus
1416 2771 1598 2852 nobilium
1619 2803 1708 2853 mu-

266 2936 270 2951 ·
357 2905 494 2981 lierum
522 2900 625 3003 operi
655 2897 836 3001 praefuit.
878 2897 991 2972 Hisce
1019 2896 1196 2984 auxiliis,
1233 2905 1272 2971 et
1300 2896 1459 2998 pecunia
1492 2921 1559 2998 per
1587 2895 1705 2973 Dioe-

360 3024 475 3100 cesim
506 3021 686 3112 collecta,
720 3017 926 3118 Presbyter
955 3019 1053 3096 Cata
1083 3016 1240 3094 fundum
1269 3017 1385 3109 emit,
1417 3021 1456 3092 et
1486 3015 1705 3093 aediticium

359 3144 554 3233 extruxit,
587 3140 682 3244 quod
712 3163 779 3214 suo
808 3138 960 3214 nomine
988 3137 1028 3214 in
1055 3137 1214 3240 publicis
1244 3138 1405 3238 regestis
1433 3136 1584 3213 retulit.

438 3267 621 3340 Attamen
652 3259 774 3336 multa
800 3259 958 3334 deerant
987 3264 1029 3333 ut
1060 3258 1208 3360 puellae
1235 3257 1366 3360 colligi
1396 3262 1436 3333 et
1463 3257 1515 3334 ali
1546 3262 1707 3360 possent

357 3386 399 3460 in
428 3383 646 3486 nuperrimo
676 3380 811 3482 Asyla.
854 3379 938 3466 Qua
966 3377 1011 3453 de
1040 3403 1080 3453 re
1110 3377 1228 3457 Curia
1255 3379 1451 3456 oranensis
1481 3381 1708 3480 presbytero

337 3505 457 3583 -Oata
485 3502 660 3595 indulsit,
683 3507 727 3576 ut
747 3499 971 3602 Hispaniam
991 3503 1138 3600 peteret
1162 3523 1230 3600 pro
1249 3499 1499 3600 eleemosynis
1518 3485 1710 3600 colligenss

357 3625 438 3714 dis;
488 3623 681 3723 eidemque
719 3621 869 3696 litteras
902 3620 1005 3694 dedit
1041 3619 1372 3696 commendatitias
1410 3620 1456 3696 ad
1495 3621 1708 3723 Episcopus

358 3743 643 3846 superiores‘pue
671 3740 947 3817 ecclesiasticos
978 3739 1082 3814 illius
1107 3739 1289 3815 nationis.
1321 3740 1494 3817 Effectus
1514 3767 1619 3842 spem
1640 3767 1710 3818 su·
1811 3785 1812 3796 κ

360 3863 533 3968 paravit:
566 3888 654 3938 nam
683 3861 855 3937 collectio
875 3861 932 3936 ita
951 3859 1025 3935 luit
1049 3859 1257 3954 abundans,
1290 3865 1334 3937 ut
1356 3861 1454 3939 oats
1472 3861 1601 3937 omnia
1619 3887 1711 3966 per·
1811 3931 1812 3950 ,

360 3988 484 4077 ficere,
517 3987 557 4059 et
584 4007 770 4086 expensas
799 3984 971 4082 peractas
1001 3980 1111 4080 plene
1139 3981 1287 4056 solvere
1316 3982 1518 4058 valuisset.
1811 3977 1812 3982 ’

440 4106 606 4206 Asylus,
639 4105 706 4178 sub
730 4103 919 4204 expressis
948 4101 1249 4196 conditionibuS,
1288 4102 1376 4178 hinc
1405 4103 1493 4178 inde
1522 4102 1635 4178 factis
1666 4107 1710 4180 et

358 4227 542 4327 exceptis,
573 4224 740 4301 creditus
770 4223 844 4298 fuit
873 4221 1082 4322 Religiosis
1103 4221 1311 4324 hispanicis
1335 4248 1367 4298 s.
1389 4222 1577 4298 Teresiae.
1610 4223 1712 4327 Epi-

358 4371 492 4448 scopus
522 4369 612 4423 rero
648 4345 707 4420 die
735 4346 763 4420 4
790 4343 925 4419 Martii
957 4343 1048 4418 anni
1082 4341 1185 4419 1885
1220 4343 1445 4445 approbavit
1473 4347 1513 4418 et
1541 4341 1710 4420 solemni

359 4467 439 4543 ritu
468 4466 642 4542 instituit
670 4464 820 4542 easdem
848 4465 1063 4566 religiosas,
1095 4465 1135 4540 in
1165 4464 1399 4564 possessione
1426 4467 1466 4540 et
1493 4463 1710 4542 directione

360 4586 474 4690 Asyli
507 4586 694 4678 eiusdem;
744 4589 784 4661 et
811 4608 911 4660 anno
943 4583 1046 4661 1886
1083 4583 1209 4660 coetui
1245 4582 1382 4660 harum
1415 4584 1708 4686 religiosarum,
