3694 5230
361 251 420 314 198
847 266 1002 313 arrsrona
1024 265 1207 312 sacramen

359 366 496 453 steria,
523 367 661 438 attenta
683 369 826 454 repetet
846 365 1106 454 frequentique
1130 365 1324 436 memoria.
1362 365 1538 453 Mysteria
1562 367 1699 438 etenim

359 493 404 544 ea
427 478 524 561 sunt
549 473 585 542 in
610 473 748 560 quibus
771 473 1027 544 clarissimum
1051 473 1259 542 christianis
1279 473 1468 542 mentibus
1491 472 1703 560 praefertur

358 581 488 652 lumen
511 582 560 652 ad
583 581 822 670 suspicienda
845 580 956 664 hona,
980 598 1089 670 quae,
1114 579 1182 649 etsi
1201 580 1373 649 obtutum
1389 579 1588 649 oculorum
1612 580 1701 650 etlu-

358 690 472 779 giunt,
497 687 566 757 sed
582 691 683 758 certa
699 690 873 756 tenemus
887 686 963 756 fide
987 703 1239 774 praeparasse
1254 687 1377 755 Deum
1400 683 1634 775 diligentibus
1650 707 1697 756 se.

358 797 546 866 Docemur
568 795 664 880 inde,
690 799 861 880 mortem,
879 813 955 863 non
979 793 1168 862 interitum
1190 811 1276 862 esse
1299 792 1426 862 omnia
1441 793 1631 863 tollentem
1652 798 1700 864 at·

358 921 433 990 que
457 901 653 993 delentem,
678 903 745 972 sed
769 902 1032 990 migrationem
1056 900 1463 987 commutationemque
1487 899 1593 969 vitae.
1632 901 1702 968 Do·

358 1027 498 1096 cemur,
522 1009 701 1079 omnihus
724 1008 760 1076 in
778 1008 927 1078 caelum
950 1025 1107 1076 cursum
1132 1011 1274 1094 patere3
1300 1024 1496 1096 quumque
1518 1005 1580 1074 illo
1603 1004 1704 1074 Chri·

358 1121 459 1184 stum
474 1115 666 1184 cernimus
682 1120 924 1203 remeantem,
950 1114 1226 1184 reminiscimur
1248 1111 1336 1182 felix
1355 1113 1436 1182 eius
1451 1113 1697 1200 promissum:

368 1219 474 1291 Vada
495 1240 642 1310 parare
666 1219 767 1289 cobis
790 1221 922 1290 locum.
957 1222 1158 1308 Docemur‚
1181 1219 1261 1289 lore
1283 1225 1451 1307 tempus,
1476 1237 1595 1306 quum
1619 1217 1700 1287 obs-

359 1331 476 1420 terpct
492 1329 596 1396 Deus
617 1347 763 1396 omnem
779 1326 977 1397 lacrimam
998 1327 1046 1397 ab
1064 1325 1178 1397 oculis
1195 1325 1347 1412 nostris,
1374 1334 1411 1396 et
1424 1345 1544 1415 neque
1559 1324 1693 1408 uatus,

356 1455 476 1525 neque
498 1435 658 1520 clamor,
685 1453 803 1524 neque
819 1435 927 1505 dolor
943 1435 1016 1505 erit
1032 1435 1137 1506 ultra
1144 1456 1161 1520 ;
1185 1437 1253 1505 sed
1269 1455 1418 1526 semper
1433 1455 1519 1504 cnm
1535 1433 1703 1504 Domino

356 1542 516 1627 erimus,
550 1541 687 1612 similes
711 1543 795 1629 Dei,
828 1541 1007 1630 quoniam
1031 1541 1236 1612 videbimus
1258 1561 1344 1612 enm
1374 1540 1485 1612 sicuti
1505 1545 1584 1626 eat;
1617 1539 1698 1629 poti

357 1653 523 1720 torrento
547 1647 750 1738 uoluptatis
774 1647 866 1734 ciris,
895 1650 1123 1718 Sanctorum
1145 1647 1255 1735 cinea,
1290 1651 1326 1718 in
1351 1667 1513 1739 magnae
1529 1647 1694 1736 Reginae

355 1763 391 1827 et
413 1757 543 1827 Matris
566 1757 781 1827 beatissima
805 1757 1084 1826 communione.
1111 1793 1158 1806 -
1184 1758 1287 1828 Haec
1309 1761 1437 1827 autem
1460 1757 1705 1827 consideran-

354 1867 431 1932 tem
455 1862 625 1932 animnm
649 1861 877 1932 inflammari
899 1881 1056 1932 necesse
1078 1865 1153 1950 est,
1188 1869 1301 1952 atque
1331 1869 1413 1934 tum
1441 1863 1533 1932 illud
1564 1863 1697 1934 iterare

353 1967 433 2036 Viri
456 1967 696 2037 sanctissimi:
725 1968 847 2045 Quam
869 1967 1138 2054 sorditatas,
1165 1967 1257 2038 dnm
1270 1968 1419 2039 eaelum
1434 1968 1591 2059 aspicio!
1614 1973 1695 2039 tum

355 2093 399 2144 eo
423 2075 476 2143 uti
499 2074 641 2160 solatia,
666 2073 768 2161 quod
791 2079 1092 2143 momentaneum
1116 2080 1153 2144 ct
1176 2075 1253 2146 leae
1278 2073 1526 2145 tribulationis
1541 2079 1701 2144 nostrae

356 2183 553 2248 aeternam
567 2177 709 2268 gloriae
731 2179 880 2268 pondus
896 2185 1080 2270 operatur
1096 2179 1134 2250 in
1150 2180 1263 2251 nobis
1287 2183 1489 2252 Enimvero
1506 2201 1582 2252 una
1599 2183 1694 2252 haec

355 2292 411 2356 est
426 2286 519 2356 ratio
535 2287 744 2373 praesentis
759 2288 939 2374 temporis
954 2305 1044 2358 cum
1059 2292 1221 2376 aeterno
1235 2289 1419 2360 terrestris
1435 2289 1590 2359 civitatis
1606 2309 1694 2358 cum

356 2393 506 2463 caelesti
529 2398 613 2480 apte
637 2394 863 2482 iungendae;
888 2396 960 2464 hac
983 2415 1060 2465 una
1081 2397 1293 2466 educuntur
1315 2395 1429 2467 fortes
1444 2397 1560 2466 animi
1576 2401 1613 2466 et
1635 2418 1701 2468 ex·-

355 2499 455 2570 celsi.
481 2501 551 2581 Qui
567 2501 729 2588 quidem,
747 2501 779 2570 si
802 2519 939 2589 magno
956 2521 1117 2571 numero
1134 2509 1368 2592 censeantur,
1386 2505 1546 2594 dignitas
1561 2509 1597 2573 et
1619 2525 1696 2574 am-

354 2607 497 2695 plitudo
513 2608 624 2676 stabit
638 2608 808 2695 civitatis;
832 2609 1021 2679 florebunt
1036 2628 1134 2697 quae
1145 2629 1253 2696 vera,
1266 2630 1364 2698 quae
1380 2612 1489 2699 bona,
1503 2631 1602 2698 quae
1618 2613 1697 2700 pul-

357 2716 448 2784 chra
472 2719 569 2800 sunt,
586 2715 634 2783 ad
658 2733 834 2784 normam
857 2715 958 2786 illam
982 2735 1164 2804 expressa
1189 2737 1287 2805 quae
1302 2718 1428 2788 omnis
1444 2719 1619 2804 veritatis
1637 2719 1698 2788 ho

354 2820 487 2908 nitatis
511 2821 770 2909 pulcritudinis
793 2841 990 2892 summum
1006 2827 1063 2892 est
1078 2824 1302 2911 principium
1325 2829 1361 2894 et
1376 2823 1461 2894 lons
1481 2827 1673 2912 perennis.

420 2929 499 2998 Iam
523 2928 674 2998 videant
696 2947 847 3016 omnes,
879 2931 982 3018 quod
1005 2932 1184 3020 principio
1207 2932 1427 3020 posuimus,
1461 2951 1626 3020 quarum
1649 2934 1697 3002 sit

351 3036 546 3105 utilitatum
560 3033 720 3106 fecunda
737 3037 902 3106 marialis
918 3039 1065 3108 Rosarii
1082 3040 1210 3126 virtus,
1224 3045 1260 3110 et
1275 3058 1391 3126 quam
1408 3039 1562 3109 mirifice
1573 3042 1697 3128 possit

351 3142 399 3210 ad
415 3147 628 3230 temporum
654 3144 825 3213 sananda
842 3144 953 3231 mala,
978 3145 1026 3214 ad
1043 3146 1267 3233 gravissima
1283 3145 1439 3215 civitatis
1455 3145 1595 3216 damna
1610 3165 1701 3234 pro·

351 3249 523 3318 hibenda.
547 3285 592 3299 -
615 3250 730 3319 Istam
754 3270 844 3320 vero
869 3251 1054 3338 virtutem,
1079 3257 1120 3321 ut
1139 3250 1244 3321 facile
1261 3253 1411 3340 cognitu
1427 3257 1493 3340 est,
1518 3253 1568 3322 illi
1590 3273 1697 3340 prae·

350 3355 458 3442 cipue
482 3357 712 3443 uberiusque
726 3359 946 3444 percepturi
971 3363 1081 3427 erunt
1103 3359 1167 3446 qui
1183 3355 1343 3446 cooptati
1366 3359 1402 3426 in
1419 3377 1529 3428 sacra
1544 3359 1693 3429 Rosarii

349 3461 535 3548 Sodalitia,
559 3462 737 3550 peculiari
756 3468 791 3532 et
806 3465 901 3534 inter
917 3484 959 3534 se
982 3463 1144 3534 fraterna
1169 3464 1429 3534 coniunctione
1453 3470 1489 3534 et
1503 3484 1592 3552 erga
1610 3483 1698 3535 san-

349 3569 554 3638 ctissimam
566 3569 761 3656 Virginem
772 3570 953 3657 obsequio
970 3570 1231 3658 praecaeteris
1247 3571 1571 3640 commendantur.
1589 3573 1691 3641 Haec
1762 3656 1767 3664 ,

348 3675 449 3744 enim
472 3674 657 3762 sodalitia,
683 3677 897 3746 auctoritate
913 3679 1177 3746 Romanorum
1193 3675 1414 3746 Pontificum
1432 3678 1687 3764 comprobata,

347 3782 397 3852 ab
420 3781 549 3868 eisque
573 3782 710 3852 donata
735 3783 935 3871 privilegiis
959 3795 995 3852 et
1017 3784 1240 3852 muneribus
1256 3784 1515 3872 indulgentiae,
1542 3803 1613 3856 suo
1629 3803 1691 3872 pa-

347 3889 423 3958 lam
448 3887 578 3956 ordine
594 3907 639 3958 ac
655 3891 868 3978 magisterio
885 3893 1075 3977 reguntur,
1102 3896 1312 3964 conventus
1329 3891 1432 3960 statis
1447 3891 1588 3960 hahent
1602 3895 1695 3959 tem·

347 3996 513 4084 poribus
538 3996 736 4082 praesidiis
759 3995 908 4087 optimis
930 3997 1166 4066 instruuntur
1190 3998 1328 4084 quihus
1343 4001 1473 4066 sancte
1489 3997 1639 4086 vigeant
1654 3999 1689 4066 et

347 4104 396 4172 ad
419 4103 620 4173 commoda
653 4104 764 4173 etiam
788 4105 972 4173 societatis
997 4104 1187 4174 humanae
1214 4105 1436 4175 conducant.
1476 4105 1578 4174 Haec
1601 4108 1689 4172 sunt

348 4209 460 4279 veluti
483 4211 633 4298 agmina
659 4215 694 4279 et
716 4211 824 4296 acies,
849 4211 988 4297 praelia
1005 4211 1137 4280 Christi
1160 4231 1227 4298 per
1243 4213 1495 4282 sacratissima
1513 4211 1594 4281 eius
1611 4229 1696 4297 my·

347 4317 458 4385 steria
482 4320 704 4404 pugnantes
728 4317 879 4404 auspice
904 4321 939 4386 et
962 4319 1059 4386 duce
1084 4319 1227 4406 Regina
1251 4319 1415 4388 caelesti:
1440 4337 1605 4406 quorum
1628 4317 1688 4385 illa

346 4422 689 4516 supplicationibus
713 4423 852 4509 ritibus,
877 4423 1026 4510 pompis
1050 4443 1165 4511 quam
1190 4425 1286 4493 adsit
1304 4425 1471 4513 propitia,
1496 4424 1692 4512 praeclare

346 4529 640 4615 omnitempore
663 4530 788 4617 patuit,
814 4527 1013 4620 magnifice
1037 4531 1085 4599 ad
1109 4531 1330 4601 Echinadas.
1356 4569 1396 4579 -
1421 4533 1560 4619 Magno
1578 4531 1690 4619 igitur
