3674 5264
720 358 905 404 senensium
1446 347 1486 410 tt

55 447 57 454 ’
137 459 266 534 causis
294 459 466 562 virgines
495 485 570 536 non
598 461 725 538 minus
753 486 865 562 quam
893 463 1031 538 viduae
1059 463 1247 566 indigent.
1280 469 1486 567 Nunquam

139 581 285 670 autem,
317 579 350 654 si
377 580 544 684 excipias
572 582 836 683 congeminam
863 608 1016 660 causam
1044 585 1308 688 Burrlrpuleu.
1340 588 1488 664 Μαινί-

142 705 290 782 mour'r',
321 699 452 776 audivi
479 711 665 806 septimae
694 731 841 780 munus
869 709 987 782 testes
1016 707 1080 808 qui
1107 708 1329 810 coniugibus
1357 735 1398 786 sc
1426 711 1488 786 in-

138 817 368 896 ducentibus
398 823 555 923 periurii
585 827 715 901 notam
743 826 1010 928 appingerent.

224 939 339 1018 Hisce
367 944 585 1044 praemissis
614 948 852 1050 suppositum
880 948 957 1024 fuit
984 949 1203 1026 diluendum

715 1155 922 1226 Dubium

224 1323 289 1396 ilat
318 1325 603 1400 corraulcndum
640 1335 690 1402 set
716 1329 842 1404 Saum
864 1358 943 1433 pro
981 1333 1267 1436 dispensatione
1296 1363 1318 1407 u
1351 1343 1489 1412 aratri-

146 1452 277 1518 mom'o
306 1457 392 1520 roto
422 1458 456 1522 et
483 1471 563 1521 reson
593 1464 878 1526 consulatuum.

225 1564 466 1643 Rusonumo.
499 1567 614 1644 Sacra
642 1571 900 1674 Congregatio
929 1572 1092 1651 Concilii
1120 1600 1160 1651 re
1180 1575 1393 1678 disceptata
1420 1579 1488 1654 sub

148 1682 198 1761 18
228 1687 362 1766 Martii
397 1686 499 1765 1893
527 1691 678 1766 censuit
705 1693 952 1795 respondere:
982 1695 1186 1797 sliceum-e.

496 1914 1135 1968 ——QQQQ—

707 2119 934 2197 Roulnun

546 2332 712 2384 FUNERIS
742 2333 1088 2392 EblOLUMENTORUbl

225 2517 287 2576 Die
313 2519 357 2576 18
377 2519 497 2576 Martii
523 2515 621 2578 1893.

1033 2618 1107 2670 Sese.
1128 2619 1163 2669 25
1184 2631 1246 2682 cap.
1269 2617 1301 2670 13
1322 2619 1359 2668 Dc
1379 2619 1491 2670 reform.

226 2741 490 2820 Ooirpuumuu
520 2767 647 2820 mom.
680 2743 724 2822 ln
754 2745 921 2822 Statutis
949 2743 1041 2820 oleri
1061 2744 1209 2826 romani
1232 2741 1328 2847 Cup.
1356 2742 1381 2819 I
1387 2744 1419 2818 l'
1434 2745 1492 2820 Ite
1596 2750 1598 2754 ’

144 2867 232 2936 ture
258 2862 417 2958 ferreres
437 2859 695 2968 percipiendas,
727 2871 925 2967 postquam
953 2864 1177 2941 adnotatum
1207 2851 1359 2958 fuisset,
1392 2865 1492 2943 solas

140 2981 325 3082 exequias
352 2983 416 3060 vel
445 2985 563 3061 solam
593 2986 829 3087 sepulturam
858 2986 1009 3062 nullum
1036 2987 1212 3088 praebere
1241 2986 1300 3062 ius
1333 2986 1378 3062 ad
1406 3011 1494 3088 per-

142 3105 360 3206 ceptionem
388 3105 562 3203 alicuius,
580 3107 701 3212 partis
730 3106 1072 3183 emolumentorum
1101 3111 1235 3182 contra
1262 3107 1490 3208 paroeciam,

144 3231 227 3301 tres
254 3213 414 3302 aderant
441 3225 602 3302 articuli
625 3227 690 3327 qui
719 3229 775 3303 ita
803 3255 842 3303 se
872 3227 1057 3303 habebant
1098 3229 1158 3325 «ᾖ
1192 3227 1271 3304 35:
1308 3225 1495 3332 Ecclesiis

145 3349 278 3422 tamen
308 3345 573 3424 Cardinalium
602 3347 824 3424 titularibus
851 3347 1083 3451 percipiendi
1126 3344 1272 3422 funeris
1315 3371 1401 3422 cum
1430 3373 1498 3449 pa-

147 3469 272 3546 roeoia
300 3468 359 3544 ius
388 3470 455 3560 sit,
486 3468 661 3568 quamvis
689 3469 740 3544 ibi
768 3469 931 3544 cadaver
969 3467 1233 3544 tantummodo
1269 3467 1492 3569 sepeliatur.
1592 3545 1593 3550 ,

147 3591 173 3687 ἓ
203 3589 270 3666 36.
302 3587 469 3665 Proinde
496 3613 730 3690 quacumque
758 3590 799 3666 in
828 3589 988 3666 eeclesia
1016 3588 1248 3665 celebratum
1279 3588 1331 3663 sit
1360 3587 1492 3682 sunus,

147 3709 181 3786 si
209 3709 374 3785 cadaver
401 3707 491 3786 alibi
519 3735 632 3810 quam
675 3711 715 3786 in
743 3709 904 3786 ecclesia
945 3716 1161 3812 exponente
1203 3707 1266 3782 vel
1294 3708 1335 3783 in
1363 3707 1496 3785 Titulo

144 3831 320 3907 defuncti
349 3830 543 3908 conditum
574 3831 705 3925 fuerit,
737 3831 853 3908 funus
881 3833 1076 3932 integrum
1105 3831 1152 3906 ad
1181 3830 1392 3934 paroeciam
1413 3856 1499 3931 per-

146 3951 265 4028 tinet.
297 3953 323 4050 §
350 3949 418 4029 37.
451 3949 558 4038 Quod
586 3952 703 4028 etiam
733 3952 902 4054 intelligi
930 3953 1054 4044 debet,
1086 3952 1117 4028 si
1148 3951 1189 4028 in
1217 3949 1379 4026 ccclesia
1398 3953 1498 4027 titu-

146 4071 236 4164 lari,
269 4073 360 4172 quin
388 4072 429 4148 in
458 4098 503 4148 ea
530 4073 739 4174 sepeliatur
766 4073 942 4167 cadaver,
984 4071 1158 4148 funebria
1194 4072 1450 4164 celebrentur,
1476 4102 1494 4141 »

147 4191 296 4268 Verum
323 4217 410 4268 cum
438 4217 539 4269 anuo
572 4191 691 4286 1887,
723 4197 843 4274 Eurus
872 4193 989 4272 Urbis
1019 4192 1214 4285 Vicarius
1238 4191 1354 4268 SSriro
1374 4192 1422 4267 D.
1441 4191 1492 4267 N.

145 4313 394 4418 approbante,
412 4320 669 4416 opportunum
688 4313 973 4390 existimaverit
995 4337 1061 4415 pro
1081 4312 1277 4389 conversis
1296 4337 1423 4414 rerum
1445 4312 1501 4386 vi-

144 4435 253 4510 cibus
280 4433 455 4535 praelata
483 4437 634 4510 statuta
662 4439 876 4536 temporum
906 4433 1048 4509 rationi
1076 4431 1372 4524 accommodare,
1403 4416 1501 4507 arti-

143 4553 225 4629 culi
254 4552 306 4630 36
335 4557 374 4628 ct
403 4552 454 4631 37
483 4552 677 4654 saperius·
696 4553 810 4630 relati
853 4554 1045 4661 suppressi
1089 4553 1261 4646 fuerunt,
1293 4579 1336 4628 ac
1364 4552 1415 4631 35
1443 4551 1501 4627 ita

148 4675 377 4751 immutatus
406 4673 559 4750 evasit:
596 4703 614 4746 c
638 4673 823 4750 Ecclesiis
843 4679 973 4750 tamen
993 4672 1257 4750 Cardinalium
1279 4671 1501 4747 titularibus
