<?xml version="1.0" encoding="UTF-8"?>
<!DOCTYPE html PUBLIC "-//W3C//DTD XHTML 1.0 Transitional//EN"
    "http://www.w3.org/TR/xhtml1/DTD/xhtml1-transitional.dtd">
<html xmlns="http://www.w3.org/1999/xhtml" xml:lang="en" lang="en">
 <head>
  <title>
</title>
<meta http-equiv="Content-Type" content="text/html;charset=utf-8" />
  <meta name='ocr-system' content='tesseract 3.04.00' />
  <meta name='ocr-capabilities' content='ocr_page ocr_carea ocr_par ocr_line ocrx_word'/>
</head>
<body>
  <div class='ocr_page' id='page_1' title='image "actasanctaesedi01popegoog_0235.png"; bbox 0 0 3694 5230; ppageno 0'>
   <div class='ocr_carea' id='block_1_1' title="bbox 377 341 1151 409">
    <p class='ocr_par' dir='ltr' id='par_1_1' title="bbox 377 341 1151 409">
     <span class='ocr_line' id='line_1_1' title="bbox 377 341 1151 409; baseline 0.001 -2"><span class='ocrx_word' id='word_1_1' title='bbox 377 341 440 407; x_wconf 65' lang='grc'>128</span> <span class='ocrx_word' id='word_1_2' title='bbox 943 363 1151 409; x_wconf 67' lang='lat' dir='ltr'>caueantur.</span> 
     </span>
    </p>
   </div>
   <div class='ocr_carea' id='block_1_2' title="bbox 374 459 1831 2496">
    <p class='ocr_par' dir='ltr' id='par_1_2' title="bbox 378 459 1831 811">
     <span class='ocr_line' id='line_1_2' title="bbox 378 459 1831 578; baseline 0.006 -41"><span class='ocrx_word' id='word_1_3' title='bbox 378 462 448 539; x_wconf 89' lang='lat' dir='ltr'>bus</span> <span class='ocrx_word' id='word_1_4' title='bbox 477 485 569 563; x_wconf 89' lang='lat' dir='ltr'>quas</span> <span class='ocrx_word' id='word_1_5' title='bbox 599 459 798 564; x_wconf 88' lang='lat' dir='ltr'>perhibent</span> <span class='ocrx_word' id='word_1_6' title='bbox 825 463 1073 541; x_wconf 89' lang='lat' dir='ltr'>anathomici.</span> <span class='ocrx_word' id='word_1_7' title='bbox 1105 464 1284 569; x_wconf 88' lang='lat' dir='ltr'>Triplieis</span> <span class='ocrx_word' id='word_1_8' title='bbox 1304 466 1453 569; x_wconf 82' lang='lat' dir='ltr'>generis</span> <span class='ocrx_word' id='word_1_9' title='bbox 1481 471 1572 544; x_wconf 90' lang='lat' dir='ltr'>sunt</span> <span class='ocrx_word' id='word_1_10' title='bbox 1590 466 1732 545; x_wconf 84' lang='lat' dir='ltr'>huius·</span> <span class='ocrx_word' id='word_1_11' title='bbox 1830 525 1831 578; x_wconf 63' lang='lat'>,</span> 
     </span>
     <span class='ocr_line' id='line_1_3' title="bbox 380 579 1729 692; baseline 0.005 -34"><span class='ocrx_word' id='word_1_12' title='bbox 380 581 481 692; x_wconf 90' lang='lat' dir='ltr'>modi</span> <span class='ocrx_word' id='word_1_13' title='bbox 508 585 703 658; x_wconf 89' lang='lat' dir='ltr'>monstra:</span> <span class='ocrx_word' id='word_1_14' title='bbox 742 583 983 688; x_wconf 86' lang='lat' dir='ltr'>Androgeni,</span> <span class='ocrx_word' id='word_1_15' title='bbox 1015 585 1203 663; x_wconf 82' lang='lat' dir='ltr'>Ginandri</span> <span class='ocrx_word' id='word_1_16' title='bbox 1217 644 1226 680; x_wconf 92' lang='lat'>‚</span> <span class='ocrx_word' id='word_1_17' title='bbox 1242 579 1298 664; x_wconf 86' lang='lat' dir='ltr'>¹et</span> <span class='ocrx_word' id='word_1_18' title='bbox 1326 587 1462 664; x_wconf 89' lang='lat' dir='ltr'>Neutri</span> <span class='ocrx_word' id='word_1_19' title='bbox 1490 589 1554 690; x_wconf 91' lang='lat' dir='ltr'>qui</span> <span class='ocrx_word' id='word_1_20' title='bbox 1581 588 1729 666; x_wconf 85' lang='lat' dir='ltr'>deseri·</span> 
     </span>
     <span class='ocr_line' id='line_1_4' title="bbox 378 697 1831 811; baseline 0.003 -31"><span class='ocrx_word' id='word_1_21' title='bbox 378 704 521 780; x_wconf 89' lang='lat' dir='ltr'>buntur</span> <span class='ocrx_word' id='word_1_22' title='bbox 548 729 571 780; x_wconf 92' lang='lat' dir='ltr'>a</span> <span class='ocrx_word' id='word_1_23' title='bbox 598 704 766 782; x_wconf 90' lang='lat' dir='ltr'>Perrone</span> <span class='ocrx_word' id='word_1_24' title='bbox 793 704 993 782; x_wconf 71' lang='lat' dir='ltr'>Medicina</span> <span class='ocrx_word' id='word_1_25' title='bbox 1020 705 1166 810; x_wconf 78' lang='lat' dir='ltr'>Lepale</span> <span class='ocrx_word' id='word_1_26' title='bbox 1194 717 1222 783; x_wconf 85' lang='lat' dir='ltr'>t.</span> <span class='ocrx_word' id='word_1_27' title='bbox 1247 708 1270 783; x_wconf 90' lang='lat'><strong><em>1</em></strong></span> <span class='ocrx_word' id='word_1_28' title='bbox 1291 734 1392 811; x_wconf 80' lang='lat' dir='ltr'>pap.</span> <span class='ocrx_word' id='word_1_29' title='bbox 1415 708 1470 783; x_wconf 75' lang='lat'>94</span> <span class='ocrx_word' id='word_1_30' title='bbox 1498 719 1637 810; x_wconf 83' lang='lat' dir='ltr'>etseq.</span> <span class='ocrx_word' id='word_1_31' title='bbox 1830 697 1831 722; x_wconf 74' lang='lat'>³</span> 
     </span>
    </p>

    <p class='ocr_par' dir='ltr' id='par_1_3' title="bbox 374 821 1731 2496">
     <span class='ocr_line' id='line_1_5' title="bbox 460 821 1726 932; baseline 0.002 -29"><span class='ocrx_word' id='word_1_32' title='bbox 460 824 700 928; x_wconf 82' lang='lat' dir='ltr'>Comparatis</span> <span class='ocrx_word' id='word_1_33' title='bbox 728 825 790 903; x_wconf 91' lang='lat' dir='ltr'>his</span> <span class='ocrx_word' id='word_1_34' title='bbox 807 825 1123 931; x_wconf 80' lang='lat' dir='ltr'>descriptionibus</span> <span class='ocrx_word' id='word_1_35' title='bbox 1151 821 1237 904; x_wconf 89' lang='lat' dir='ltr'>cum</span> <span class='ocrx_word' id='word_1_36' title='bbox 1257 821 1487 931; x_wconf 70' lang='lat' dir='ltr'>depositione</span> <span class='ocrx_word' id='word_1_37' title='bbox 1505 827 1648 932; x_wconf 86' lang='lat' dir='ltr'>sponsi,</span> <span class='ocrx_word' id='word_1_38' title='bbox 1679 829 1726 905; x_wconf 89' lang='lat' dir='ltr'>in</span> 
     </span>
     <span class='ocr_line' id='line_1_6' title="bbox 378 945 1722 1053; baseline 0.002 -31"><span class='ocrx_word' id='word_1_39' title='bbox 378 969 483 1040; x_wconf 88' lang='lat' dir='ltr'>casu,</span> <span class='ocrx_word' id='word_1_40' title='bbox 515 947 623 1024; x_wconf 87' lang='lat' dir='ltr'>nulla</span> <span class='ocrx_word' id='word_1_41' title='bbox 641 947 840 1025; x_wconf 89' lang='lat' dir='ltr'>invenitur</span> <span class='ocrx_word' id='word_1_42' title='bbox 859 945 1123 1051; x_wconf 81' lang='lat' dir='ltr'>congruentia.</span> <span class='ocrx_word' id='word_1_43' title='bbox 1154 946 1240 1053; x_wconf 90' lang='lat' dir='ltr'>Ipse</span> <span class='ocrx_word' id='word_1_44' title='bbox 1259 949 1361 1025; x_wconf 92' lang='lat' dir='ltr'>enim</span> <span class='ocrx_word' id='word_1_45' title='bbox 1379 947 1534 1052; x_wconf 80' lang='lat' dir='ltr'>deponit</span> <span class='ocrx_word' id='word_1_46' title='bbox 1557 948 1722 1027; x_wconf 86' lang='lat' dir='ltr'>Mariam</span> 
     </span>
     <span class='ocr_line' id='line_1_7' title="bbox 378 1059 1729 1172; baseline 0.003 -30"><span class='ocrx_word' id='word_1_47' title='bbox 378 1065 603 1167; x_wconf 87' lang='lat' dir='ltr'>Dennequin</span> <span class='ocrx_word' id='word_1_48' title='bbox 631 1059 981 1170; x_wconf 86' lang='lat' dir='ltr'>hermaphroditam</span> <span class='ocrx_word' id='word_1_49' title='bbox 1008 1092 1090 1144; x_wconf 86' lang='lat' dir='ltr'>esse</span> <span class='ocrx_word' id='word_1_50' title='bbox 1126 1092 1171 1146; x_wconf 93' lang='lat' dir='ltr'>eo</span> <span class='ocrx_word' id='word_1_51' title='bbox 1198 1067 1295 1170; x_wconf 89' lang='lat' dir='ltr'>quod</span> <span class='ocrx_word' id='word_1_52' title='bbox 1322 1069 1476 1145; x_wconf 84' lang='lat' dir='ltr'>invenit</span> <span class='ocrx_word' id='word_1_53' title='bbox 1502 1069 1543 1145; x_wconf 93' lang='lat' dir='ltr'>in</span> <span class='ocrx_word' id='word_1_54' title='bbox 1571 1069 1729 1172; x_wconf 85' lang='lat' dir='ltr'>genita-</span> 
     </span>
     <span class='ocr_line' id='line_1_8' title="bbox 382 1185 1724 1266; baseline 0.004 -5"><span class='ocrx_word' id='word_1_55' title='bbox 382 1185 479 1262; x_wconf 87' lang='lat' dir='ltr'>libus</span> <span class='ocrx_word' id='word_1_56' title='bbox 498 1185 580 1262; x_wconf 91' lang='lat' dir='ltr'>eius</span> <span class='ocrx_word' id='word_1_57' title='bbox 608 1210 772 1264; x_wconf 90' lang='lat' dir='ltr'>massam</span> <span class='ocrx_word' id='word_1_58' title='bbox 791 1212 968 1264; x_wconf 85' lang='lat' dir='ltr'>carneam</span> <span class='ocrx_word' id='word_1_59' title='bbox 987 1212 1064 1264; x_wconf 92' lang='lat' dir='ltr'>non</span> <span class='ocrx_word' id='word_1_60' title='bbox 1083 1187 1293 1266; x_wconf 85' lang='lat' dir='ltr'>absimilem</span> <span class='ocrx_word' id='word_1_61' title='bbox 1320 1188 1454 1266; x_wconf 87' lang='lat' dir='ltr'>hastae</span> <span class='ocrx_word' id='word_1_62' title='bbox 1473 1188 1596 1266; x_wconf 86' lang='lat' dir='ltr'>virili.</span> <span class='ocrx_word' id='word_1_63' title='bbox 1639 1189 1724 1266; x_wconf 88' lang='lat' dir='ltr'>Hoc</span> 
     </span>
     <span class='ocr_line' id='line_1_9' title="bbox 378 1305 1723 1411; baseline 0.003 -29"><span class='ocrx_word' id='word_1_64' title='bbox 378 1305 473 1382; x_wconf 89' lang='lat' dir='ltr'>mihi</span> <span class='ocrx_word' id='word_1_65' title='bbox 501 1306 654 1383; x_wconf 81' lang='lat' dir='ltr'>videtur</span> <span class='ocrx_word' id='word_1_66' title='bbox 680 1307 911 1410; x_wconf 89' lang='lat' dir='ltr'>impossibile</span> <span class='ocrx_word' id='word_1_67' title='bbox 939 1309 1155 1411; x_wconf 87' lang='lat' dir='ltr'>physicum.</span> <span class='ocrx_word' id='word_1_68' title='bbox 1188 1309 1324 1387; x_wconf 90' lang='lat' dir='ltr'>Potest</span> <span class='ocrx_word' id='word_1_69' title='bbox 1351 1309 1566 1387; x_wconf 90' lang='lat' dir='ltr'>huiusmodi</span> <span class='ocrx_word' id='word_1_70' title='bbox 1591 1307 1723 1399; x_wconf 85' lang='lat' dir='ltr'>¹massa</span> 
     </span>
     <span class='ocr_line' id='line_1_10' title="bbox 378 1425 1727 1532; baseline 0.002 -30"><span class='ocrx_word' id='word_1_71' title='bbox 378 1451 515 1504; x_wconf 89' lang='lat' dir='ltr'>carnea</span> <span class='ocrx_word' id='word_1_72' title='bbox 542 1427 605 1503; x_wconf 86' lang='lat' dir='ltr'>vel</span> <span class='ocrx_word' id='word_1_73' title='bbox 632 1452 714 1504; x_wconf 90' lang='lat' dir='ltr'>esse</span> <span class='ocrx_word' id='word_1_74' title='bbox 741 1425 867 1504; x_wconf 92' lang='lat' dir='ltr'>inanis</span> <span class='ocrx_word' id='word_1_75' title='bbox 895 1433 1038 1505; x_wconf 88' lang='grc'><strong>611116</strong></span> <span class='ocrx_word' id='word_1_76' title='bbox 1064 1428 1284 1532; x_wconf 79' lang='lat' dir='ltr'>chirurgied</span> <span class='ocrx_word' id='word_1_77' title='bbox 1311 1426 1727 1523; x_wconf 67' lang='grc'><strong>111111611161111·</strong></span> 
     </span>
     <span class='ocr_line' id='line_1_11' title="bbox 378 1547 1722 1652; baseline 0.002 -29"><span class='ocrx_word' id='word_1_78' title='bbox 378 1547 449 1624; x_wconf 91' lang='lat' dir='ltr'>rile</span> <span class='ocrx_word' id='word_1_79' title='bbox 468 1549 692 1641; x_wconf 83' lang='lat' dir='ltr'>membrum,</span> <span class='ocrx_word' id='word_1_80' title='bbox 715 1547 858 1650; x_wconf 86' lang='lat' dir='ltr'>inquiri</span> <span class='ocrx_word' id='word_1_81' title='bbox 876 1548 984 1626; x_wconf 90' lang='lat' dir='ltr'>debet</span> <span class='ocrx_word' id='word_1_82' title='bbox 1003 1575 1052 1627; x_wconf 89' lang='lat' dir='ltr'>an</span> <span class='ocrx_word' id='word_1_83' title='bbox 1073 1550 1293 1652; x_wconf 87' lang='lat' dir='ltr'>praevaleat</span> <span class='ocrx_word' id='word_1_84' title='bbox 1312 1575 1426 1627; x_wconf 85' lang='lat' dir='ltr'>sexus</span> <span class='ocrx_word' id='word_1_85' title='bbox 1445 1549 1586 1627; x_wconf 81' lang='lat' dir='ltr'>virilis.</span> <span class='ocrx_word' id='word_1_86' title='bbox 1618 1549 1722 1628; x_wconf 91' lang='lat' dir='ltr'>Nam·</span> 
     </span>
     <span class='ocr_line' id='line_1_12' title="bbox 378 1664 1721 1774; baseline 0.004 -31"><span class='ocrx_word' id='word_1_87' title='bbox 378 1670 422 1744; x_wconf 92' lang='lat' dir='ltr'>ut</span> <span class='ocrx_word' id='word_1_88' title='bbox 458 1664 609 1745; x_wconf 87' lang='lat' dir='ltr'>deliniri</span> <span class='ocrx_word' id='word_1_89' title='bbox 643 1667 766 1771; x_wconf 80' lang='lat' dir='ltr'>possit</span> <span class='ocrx_word' id='word_1_90' title='bbox 793 1669 996 1765; x_wconf 88' lang='lat' dir='ltr'>convenit,</span> <span class='ocrx_word' id='word_1_91' title='bbox 1036 1673 1081 1746; x_wconf 90' lang='lat' dir='ltr'>ut</span> <span class='ocrx_word' id='word_1_92' title='bbox 1107 1669 1217 1748; x_wconf 89' lang='lat' dir='ltr'>docet</span> <span class='ocrx_word' id='word_1_93' title='bbox 1244 1670 1353 1749; x_wconf 87' lang='lat' dir='ltr'>Maro</span> <span class='ocrx_word' id='word_1_94' title='bbox 1380 1671 1479 1774; x_wconf 88' lang='lat' dir='ltr'>apud</span> <span class='ocrx_word' id='word_1_95' title='bbox 1507 1671 1652 1748; x_wconf 86' lang='lat' dir='ltr'>Briand</span> <span class='ocrx_word' id='word_1_96' title='bbox 1680 1676 1721 1748; x_wconf 92' lang='lat' dir='ltr'>et</span> 
     </span>
     <span class='ocr_line' id='line_1_13' title="bbox 378 1787 1724 1894; baseline 0.003 -30"><span class='ocrx_word' id='word_1_97' title='bbox 378 1787 506 1865; x_wconf 80' lang='lat' dir='ltr'>Oande</span> <span class='ocrx_word' id='word_1_98' title='bbox 531 1787 745 1891; x_wconf 72' lang='grc'><strong>(1111111111</strong></span> <span class='ocrx_word' id='word_1_99' title='bbox 771 1787 916 1890; x_wconf 78' lang='lat' dir='ltr'>Lepolc</span> <span class='ocrx_word' id='word_1_100' title='bbox 944 1787 978 1864; x_wconf 88' lang='grc'>1.</span> <span class='ocrx_word' id='word_1_101' title='bbox 1002 1815 1102 1894; x_wconf 77' lang='lat' dir='ltr'>pap.</span> <span class='ocrx_word' id='word_1_102' title='bbox 1127 1787 1248 1892; x_wconf 83' lang='lat'><em>179),</em></span> <span class='ocrx_word' id='word_1_103' title='bbox 1283 1787 1477 1892; x_wconf 87' lang='lat' dir='ltr'>inquirere</span> <span class='ocrx_word' id='word_1_104' title='bbox 1504 1815 1528 1868; x_wconf 89' lang='lat' dir='ltr'>a</span> <span class='ocrx_word' id='word_1_105' title='bbox 1555 1814 1724 1893; x_wconf 86' lang='lat' dir='ltr'>quonam</span> 
     </span>
     <span class='ocr_line' id='line_1_14' title="bbox 376 1905 1729 2010; baseline 0.004 -30"><span class='ocrx_word' id='word_1_106' title='bbox 376 1905 520 1982; x_wconf 84' lang='lat' dir='ltr'>orificio</span> <span class='ocrx_word' id='word_1_107' title='bbox 548 1907 660 1983; x_wconf 88' lang='lat' dir='ltr'>urina</span> <span class='ocrx_word' id='word_1_108' title='bbox 686 1906 782 1984; x_wconf 91' lang='lat' dir='ltr'>fluat</span> <span class='ocrx_word' id='word_1_109' title='bbox 810 1911 849 1983; x_wconf 93' lang='grc'>61</span> <span class='ocrx_word' id='word_1_110' title='bbox 877 1909 1035 2010; x_wconf 84' lang='lat' dir='ltr'>sanguis</span> <span class='ocrx_word' id='word_1_111' title='bbox 1063 1907 1297 1989; x_wconf 83' lang='lat' dir='ltr'>effundatur.</span> <span class='ocrx_word' id='word_1_112' title='bbox 1333 1909 1404 1988; x_wconf 88' lang='lat' dir='ltr'>Sed</span> <span class='ocrx_word' id='word_1_113' title='bbox 1432 1935 1482 1987; x_wconf 83' lang='lat' dir='ltr'>ex</span> <span class='ocrx_word' id='word_1_114' title='bbox 1509 1910 1729 1988; x_wconf 86' lang='lat' dir='ltr'>extraiudi-</span> 
     </span>
     <span class='ocr_line' id='line_1_15' title="bbox 376 2025 1725 2134; baseline 0.004 -33"><span class='ocrx_word' id='word_1_115' title='bbox 376 2025 466 2115; x_wconf 82' lang='lat' dir='ltr'>ciali</span> <span class='ocrx_word' id='word_1_116' title='bbox 493 2027 713 2104; x_wconf 88' lang='lat' dir='ltr'>testimonio</span> <span class='ocrx_word' id='word_1_117' title='bbox 740 2026 940 2105; x_wconf 83' lang='lat' dir='ltr'>deducitur</span> <span class='ocrx_word' id='word_1_118' title='bbox 975 2027 1072 2131; x_wconf 91' lang='lat' dir='ltr'>quod</span> <span class='ocrx_word' id='word_1_119' title='bbox 1101 2029 1317 2107; x_wconf 89' lang='lat' dir='ltr'>huiusmodi</span> <span class='ocrx_word' id='word_1_120' title='bbox 1348 2027 1483 2107; x_wconf 86' lang='lat' dir='ltr'>effusio</span> <span class='ocrx_word' id='word_1_121' title='bbox 1510 2031 1645 2134; x_wconf 77' lang='lat' dir='ltr'>urinae</span> <span class='ocrx_word' id='word_1_122' title='bbox 1682 2035 1725 2106; x_wconf 91' lang='lat' dir='ltr'>et</span> 
     </span>
     <span class='ocr_line' id='line_1_16' title="bbox 377 2147 1731 2254; baseline 0.003 -32"><span class='ocrx_word' id='word_1_123' title='bbox 377 2147 576 2248; x_wconf 84' lang='lat' dir='ltr'>sanguinis</span> <span class='ocrx_word' id='word_1_124' title='bbox 605 2173 628 2223; x_wconf 92' lang='grc'>1</span> <span class='ocrx_word' id='word_1_125' title='bbox 656 2152 837 2224; x_wconf 90' lang='lat' dir='ltr'>consueto</span> <span class='ocrx_word' id='word_1_126' title='bbox 863 2149 1040 2227; x_wconf 90' lang='lat' dir='ltr'>muliebri</span> <span class='ocrx_word' id='word_1_127' title='bbox 1068 2149 1211 2226; x_wconf 90' lang='lat' dir='ltr'>orificio</span> <span class='ocrx_word' id='word_1_128' title='bbox 1230 2151 1374 2254; x_wconf 83' lang='lat' dir='ltr'>agitur.</span> <span class='ocrx_word' id='word_1_129' title='bbox 1406 2151 1490 2228; x_wconf 86' lang='lat' dir='ltr'>Aut</span> <span class='ocrx_word' id='word_1_130' title='bbox 1508 2151 1629 2252; x_wconf 82' lang='lat' dir='ltr'>igitur</span> <span class='ocrx_word' id='word_1_131' title='bbox 1649 2149 1731 2227; x_wconf 84' lang='lat' dir='ltr'>fal-</span> 
     </span>
     <span class='ocr_line' id='line_1_17' title="bbox 375 2266 1726 2373; baseline 0.004 -29"><span class='ocrx_word' id='word_1_132' title='bbox 375 2291 461 2352; x_wconf 87' lang='lat' dir='ltr'>sum</span> <span class='ocrx_word' id='word_1_133' title='bbox 480 2266 648 2361; x_wconf 90' lang='lat' dir='ltr'>videtur,</span> <span class='ocrx_word' id='word_1_134' title='bbox 670 2267 834 2345; x_wconf 88' lang='lat' dir='ltr'>Mariam</span> <span class='ocrx_word' id='word_1_135' title='bbox 862 2294 944 2346; x_wconf 89' lang='lat' dir='ltr'>esse</span> <span class='ocrx_word' id='word_1_136' title='bbox 963 2269 1326 2373; x_wconf 78' lang='lat' dir='ltr'>hermaphroditum,</span> <span class='ocrx_word' id='word_1_137' title='bbox 1358 2270 1422 2348; x_wconf 84' lang='lat' dir='ltr'>vel</span> <span class='ocrx_word' id='word_1_138' title='bbox 1440 2269 1726 2348; x_wconf 88' lang='lat' dir='ltr'>admittendum</span> 
     </span>
     <span class='ocr_line' id='line_1_18' title="bbox 374 2384 1726 2496; baseline 0.001 -30"><span class='ocrx_word' id='word_1_139' title='bbox 374 2390 593 2492; x_wconf 87' lang='lat' dir='ltr'>praevalere</span> <span class='ocrx_word' id='word_1_140' title='bbox 612 2389 653 2465; x_wconf 90' lang='lat' dir='ltr'>in</span> <span class='ocrx_word' id='word_1_141' title='bbox 673 2414 718 2466; x_wconf 91' lang='lat' dir='ltr'>ea</span> <span class='ocrx_word' id='word_1_142' title='bbox 745 2414 880 2466; x_wconf 83' lang='lat' dir='ltr'>sexum</span> <span class='ocrx_word' id='word_1_143' title='bbox 898 2389 1134 2468; x_wconf 88' lang='lat' dir='ltr'>muliebrem.</span> <span class='ocrx_word' id='word_1_144' title='bbox 1166 2389 1331 2469; x_wconf 91' lang='lat' dir='ltr'>Omnino</span> <span class='ocrx_word' id='word_1_145' title='bbox 1350 2384 1607 2469; x_wconf 89' lang='lat' dir='ltr'>necessarium</span> <span class='ocrx_word' id='word_1_146' title='bbox 1626 2396 1726 2496; x_wconf 89' lang='lat' dir='ltr'>puto</span> 
     </span>
    </p>
   </div>
   <div class='ocr_carea' id='block_1_3' title="bbox 253 2507 853 2612">
    <p class='ocr_par' dir='ltr' id='par_1_4' title="bbox 253 2507 853 2612">
     <span class='ocr_line' id='line_1_19' title="bbox 253 2507 853 2612; baseline 0.002 -30"><span class='ocrx_word' id='word_1_147' title='bbox 253 2595 256 2604; x_wconf 25' lang='lat'>¹</span> <span class='ocrx_word' id='word_1_148' title='bbox 374 2510 419 2582; x_wconf 91' lang='lat' dir='ltr'>ut</span> <span class='ocrx_word' id='word_1_149' title='bbox 446 2507 585 2585; x_wconf 91' lang='lat' dir='ltr'>mulier</span> <span class='ocrx_word' id='word_1_150' title='bbox 612 2508 853 2612; x_wconf 88' lang='lat' dir='ltr'>inspiciatur.</span> 
     </span>
    </p>
   </div>
   <div class='ocr_carea' id='block_1_4' title="bbox 454 2617 1719 2735">
    <p class='ocr_par' dir='ltr' id='par_1_5' title="bbox 454 2617 1719 2735">
     <span class='ocr_line' id='line_1_20' title="bbox 454 2617 1719 2735; baseline 0.006 -32"><span class='ocrx_word' id='word_1_151' title='bbox 454 2627 599 2704; x_wconf 89' lang='lat' dir='ltr'>Verum</span> <span class='ocrx_word' id='word_1_152' title='bbox 613 2628 683 2705; x_wconf 88' lang='lat' dir='ltr'>illa</span> <span class='ocrx_word' id='word_1_153' title='bbox 701 2627 877 2705; x_wconf 89' lang='lat' dir='ltr'>informis</span> <span class='ocrx_word' id='word_1_154' title='bbox 896 2630 1053 2707; x_wconf 88' lang='lat' dir='ltr'>testatio</span> <span class='ocrx_word' id='word_1_155' title='bbox 1068 2630 1254 2726; x_wconf 90' lang='lat' dir='ltr'>mulieris,</span> <span class='ocrx_word' id='word_1_156' title='bbox 1272 2617 1385 2735; x_wconf 86' lang='lat' dir='ltr'>quam</span> <span class='ocrx_word' id='word_1_157' title='bbox 1405 2632 1482 2709; x_wconf 89' lang='lat' dir='ltr'>iam</span> <span class='ocrx_word' id='word_1_158' title='bbox 1497 2631 1719 2728; x_wconf 74' lang='grc'><strong>1111111111,</strong></span> 
     </span>
    </p>
   </div>
   <div class='ocr_carea' id='block_1_5' title="bbox 260 2747 1729 4784">
    <p class='ocr_par' dir='ltr' id='par_1_6' title="bbox 260 2747 1729 4784">
     <span class='ocr_line' id='line_1_21' title="bbox 373 2747 1729 2855; baseline 0.004 -31"><span class='ocrx_word' id='word_1_159' title='bbox 373 2747 674 2824; x_wconf 87' lang='lat' dir='ltr'>extraiudicialis</span> <span class='ocrx_word' id='word_1_160' title='bbox 708 2748 863 2825; x_wconf 88' lang='lat' dir='ltr'>videtur</span> <span class='ocrx_word' id='word_1_161' title='bbox 890 2773 973 2826; x_wconf 88' lang='lat' dir='ltr'>esse</span> <span class='ocrx_word' id='word_1_162' title='bbox 1001 2751 1317 2854; x_wconf 84' lang='lat' dir='ltr'>recognoscenda.</span> <span class='ocrx_word' id='word_1_163' title='bbox 1363 2752 1417 2829; x_wconf 79' lang='lat' dir='ltr'>ut</span> <span class='ocrx_word' id='word_1_164' title='bbox 1449 2753 1533 2855; x_wconf 90' lang='lat' dir='ltr'>quis</span> <span class='ocrx_word' id='word_1_165' title='bbox 1561 2752 1729 2832; x_wconf 88' lang='lat' dir='ltr'>definire</span> 
     </span>
     <span class='ocr_line' id='line_1_22' title="bbox 372 2874 1726 2978; baseline 0.005 -32"><span class='ocrx_word' id='word_1_166' title='bbox 372 2874 498 2973; x_wconf 90' lang='lat' dir='ltr'>potest</span> <span class='ocrx_word' id='word_1_167' title='bbox 533 2874 664 2948; x_wconf 91' lang='lat' dir='ltr'>utrum</span> <span class='ocrx_word' id='word_1_168' title='bbox 702 2875 837 2974; x_wconf 89' lang='lat' dir='ltr'>sponte</span> <span class='ocrx_word' id='word_1_169' title='bbox 873 2897 923 2949; x_wconf 91' lang='lat' dir='ltr'>an</span> <span class='ocrx_word' id='word_1_170' title='bbox 950 2877 1078 2950; x_wconf 88' lang='lat' dir='ltr'>coacte</span> <span class='ocrx_word' id='word_1_171' title='bbox 1115 2875 1168 2950; x_wconf 93' lang='lat' dir='ltr'>sit</span> <span class='ocrx_word' id='word_1_172' title='bbox 1196 2875 1365 2978; x_wconf 69' lang='lat' dir='ltr'>scripta?</span> <span class='ocrx_word' id='word_1_173' title='bbox 1407 2876 1442 2951; x_wconf 86' lang='lat' dir='ltr'><strong>A</strong></span> <span class='ocrx_word' id='word_1_174' title='bbox 1470 2876 1597 2952; x_wconf 86' lang='lat' dir='ltr'>verbis</span> <span class='ocrx_word' id='word_1_175' title='bbox 1625 2875 1726 2978; x_wconf 89' lang='lat' dir='ltr'>ipsis</span> 
     </span>
     <span class='ocr_line' id='line_1_23' title="bbox 374 2989 1720 3095; baseline 0.003 -29"><span class='ocrx_word' id='word_1_176' title='bbox 374 2989 555 3093; x_wconf 91' lang='lat' dir='ltr'>parvulae</span> <span class='ocrx_word' id='word_1_177' title='bbox 579 2991 791 3095; x_wconf 86' lang='lat' dir='ltr'>scripturae</span> <span class='ocrx_word' id='word_1_178' title='bbox 819 2995 945 3094; x_wconf 89' lang='lat' dir='ltr'>potest</span> <span class='ocrx_word' id='word_1_179' title='bbox 963 2991 1095 3068; x_wconf 90' lang='lat' dir='ltr'>deduci</span> <span class='ocrx_word' id='word_1_180' title='bbox 1114 2997 1242 3070; x_wconf 86' lang='lat' dir='ltr'>coacte</span> <span class='ocrx_word' id='word_1_181' title='bbox 1260 3019 1343 3071; x_wconf 91' lang='lat' dir='ltr'>eam</span> <span class='ocrx_word' id='word_1_182' title='bbox 1364 2993 1481 3070; x_wconf 88' lang='lat' dir='ltr'>fuisse</span> <span class='ocrx_word' id='word_1_183' title='bbox 1499 2999 1720 3072; x_wconf 85' lang='lat' dir='ltr'>exaratam.</span> 
     </span>
     <span class='ocr_line' id='line_1_24' title="bbox 289 3099 1722 3216; baseline 0.002 -27"><span class='ocrx_word' id='word_1_184' title='bbox 289 3099 291 3106; x_wconf 39' lang='lat'><strong>¹</strong></span> <span class='ocrx_word' id='word_1_185' title='bbox 373 3111 472 3189; x_wconf 83' lang='lat' dir='ltr'>Cum</span> <span class='ocrx_word' id='word_1_186' title='bbox 499 3111 627 3214; x_wconf 89' lang='lat' dir='ltr'>itaque</span> <span class='ocrx_word' id='word_1_187' title='bbox 656 3110 770 3188; x_wconf 90' lang='lat' dir='ltr'>nihili</span> <span class='ocrx_word' id='word_1_188' title='bbox 797 3110 1019 3188; x_wconf 83' lang='lat' dir='ltr'>extimanda</span> <span class='ocrx_word' id='word_1_189' title='bbox 1047 3112 1100 3188; x_wconf 92' lang='lat' dir='ltr'>sit</span> <span class='ocrx_word' id='word_1_190' title='bbox 1126 3111 1341 3190; x_wconf 87' lang='lat' dir='ltr'>huiusmodi</span> <span class='ocrx_word' id='word_1_191' title='bbox 1370 3113 1592 3206; x_wconf 89' lang='lat' dir='ltr'>declaratio,</span> <span class='ocrx_word' id='word_1_192' title='bbox 1623 3140 1722 3216; x_wconf 89' lang='lat' dir='ltr'>quae</span> 
     </span>
     <span class='ocr_line' id='line_1_25' title="bbox 372 3229 1729 3337; baseline 0.004 -31"><span class='ocrx_word' id='word_1_193' title='bbox 372 3229 522 3307; x_wconf 90' lang='lat' dir='ltr'>nullum</span> <span class='ocrx_word' id='word_1_194' title='bbox 549 3230 722 3334; x_wconf 89' lang='lat' dir='ltr'>perhibet</span> <span class='ocrx_word' id='word_1_195' title='bbox 748 3231 1060 3336; x_wconf 88' lang='lat' dir='ltr'>authenticitatis</span> <span class='ocrx_word' id='word_1_196' title='bbox 1093 3233 1262 3336; x_wconf 78' lang='lat' dir='ltr'>signum,</span> <span class='ocrx_word' id='word_1_197' title='bbox 1283 3232 1551 3337; x_wconf 89' lang='lat' dir='ltr'>applicandum</span> <span class='ocrx_word' id='word_1_198' title='bbox 1584 3259 1729 3312; x_wconf 89' lang='lat' dir='ltr'>censeo</span> 
     </span>
     <span class='ocr_line' id='line_1_26' title="bbox 339 3350 1729 3458; baseline 0.007 -36"><span class='ocrx_word' id='word_1_199' title='bbox 339 3411 344 3422; x_wconf 91' lang='grc'>.</span> <span class='ocrx_word' id='word_1_200' title='bbox 371 3351 563 3453; x_wconf 87' lang='lat' dir='ltr'>praesenti</span> <span class='ocrx_word' id='word_1_201' title='bbox 582 3350 810 3453; x_wconf 91' lang='lat' dir='ltr'>quaestioni,</span> <span class='ocrx_word' id='word_1_202' title='bbox 833 3350 929 3452; x_wconf 91' lang='lat' dir='ltr'>quod</span> <span class='ocrx_word' id='word_1_203' title='bbox 945 3351 1108 3429; x_wconf 88' lang='lat' dir='ltr'>Sanctus</span> <span class='ocrx_word' id='word_1_204' title='bbox 1125 3353 1381 3455; x_wconf 79' lang='lat' dir='ltr'>Raymundus</span> <span class='ocrx_word' id='word_1_205' title='bbox 1401 3352 1463 3458; x_wconf 90' lang='lat' dir='ltr'>(L.</span> <span class='ocrx_word' id='word_1_206' title='bbox 1479 3354 1519 3456; x_wconf 83' lang='grc'>6,</span> <span class='ocrx_word' id='word_1_207' title='bbox 1541 3352 1591 3431; x_wconf 89' lang='grc'>14</span> <span class='ocrx_word' id='word_1_208' title='bbox 1605 3353 1729 3432; x_wconf 91' lang='lat' dir='ltr'>Sum--</span> 
     </span>
     <span class='ocr_line' id='line_1_27' title="bbox 371 3467 1720 3575; baseline 0.006 -32"><span class='ocrx_word' id='word_1_209' title='bbox 371 3493 469 3564; x_wconf 91' lang='lat' dir='ltr'>mae,</span> <span class='ocrx_word' id='word_1_210' title='bbox 488 3471 567 3547; x_wconf 88' lang='lat' dir='ltr'>Tit.</span> <span class='ocrx_word' id='word_1_211' title='bbox 589 3471 634 3546; x_wconf 89' lang='lat' dir='ltr'>de</span> <span class='ocrx_word' id='word_1_212' title='bbox 653 3470 886 3574; x_wconf 83' lang='lat' dir='ltr'>impotentia</span> <span class='ocrx_word' id='word_1_213' title='bbox 912 3467 1088 3575; x_wconf 85' lang='lat' dir='ltr'>coeundi)</span> <span class='ocrx_word' id='word_1_214' title='bbox 1106 3471 1243 3548; x_wconf 81' lang='lat' dir='ltr'>docet·</span> <span class='ocrx_word' id='word_1_215' title='bbox 1260 3471 1300 3549; x_wconf 86' lang='lat' dir='ltr'>Si</span> <span class='ocrx_word' id='word_1_216' title='bbox 1321 3473 1384 3548; x_wconf 85' lang='lat' dir='ltr'>vir</span> <span class='ocrx_word' id='word_1_217' title='bbox 1410 3477 1517 3550; x_wconf 89' lang='lat' dir='ltr'>actor</span> <span class='ocrx_word' id='word_1_218' title='bbox 1535 3477 1595 3550; x_wconf 86' lang='lat' dir='ltr'>est</span> <span class='ocrx_word' id='word_1_219' title='bbox 1615 3479 1656 3551; x_wconf 91' lang='lat' dir='ltr'>et</span> <span class='ocrx_word' id='word_1_220' title='bbox 1681 3475 1720 3551; x_wconf 88' lang='lat' dir='ltr'>si</span> 
     </span>
     <span class='ocr_line' id='line_1_28' title="bbox 370 3589 1719 3693; baseline 0.004 -28"><span class='ocrx_word' id='word_1_221' title='bbox 370 3611 446 3665; x_wconf 88' lang='lat' dir='ltr'>non</span> <span class='ocrx_word' id='word_1_222' title='bbox 477 3592 609 3693; x_wconf 88' lang='lat' dir='ltr'>probat</span> <span class='ocrx_word' id='word_1_223' title='bbox 636 3589 734 3693; x_wconf 91' lang='lat' dir='ltr'>quod</span> <span class='ocrx_word' id='word_1_224' title='bbox 762 3594 1000 3685; x_wconf 88' lang='lat' dir='ltr'>asseruerat,</span> <span class='ocrx_word' id='word_1_225' title='bbox 1032 3591 1171 3668; x_wconf 92' lang='lat' dir='ltr'>mulier</span> <span class='ocrx_word' id='word_1_226' title='bbox 1197 3615 1283 3668; x_wconf 90' lang='lat' dir='ltr'>cum</span> <span class='ocrx_word' id='word_1_227' title='bbox 1312 3593 1365 3668; x_wconf 91' lang='lat' dir='ltr'>sit</span> <span class='ocrx_word' id='word_1_228' title='bbox 1392 3618 1458 3670; x_wconf 90' lang='lat' dir='ltr'>rea</span> <span class='ocrx_word' id='word_1_229' title='bbox 1484 3597 1525 3670; x_wconf 91' lang='lat' dir='ltr'>et</span> <span class='ocrx_word' id='word_1_230' title='bbox 1553 3593 1586 3670; x_wconf 90' lang='lat' dir='ltr'>si</span> <span class='ocrx_word' id='word_1_231' title='bbox 1613 3592 1719 3672; x_wconf 93' lang='lat' dir='ltr'>nihil</span> 
     </span>
     <span class='ocr_line' id='line_1_29' title="bbox 371 3709 1728 3814; baseline 0.003 -28"><span class='ocrx_word' id='word_1_232' title='bbox 371 3709 608 3812; x_wconf 89' lang='lat' dir='ltr'>praestiterit</span> <span class='ocrx_word' id='word_1_233' title='bbox 635 3709 781 3788; x_wconf 84' lang='lat' dir='ltr'>absolvi</span> <span class='ocrx_word' id='word_1_234' title='bbox 809 3711 917 3787; x_wconf 91' lang='lat' dir='ltr'>debet</span> <span class='ocrx_word' id='word_1_235' title='bbox 940 3712 985 3788; x_wconf 87' lang='lat' dir='ltr'>ab</span> <span class='ocrx_word' id='word_1_236' title='bbox 1005 3711 1257 3814; x_wconf 88' lang='lat' dir='ltr'>imputatione</span> <span class='ocrx_word' id='word_1_237' title='bbox 1276 3711 1367 3789; x_wconf 91' lang='lat' dir='ltr'>viri.</span> <span class='ocrx_word' id='word_1_238' title='bbox 1399 3712 1445 3789; x_wconf 92' lang='lat' dir='ltr'>In</span> <span class='ocrx_word' id='word_1_239' title='bbox 1464 3713 1635 3790; x_wconf 87' lang='lat' dir='ltr'>themate</span> <span class='ocrx_word' id='word_1_240' title='bbox 1653 3713 1728 3790; x_wconf 82' lang='lat' dir='ltr'>vir</span> 
     </span>
     <span class='ocr_line' id='line_1_30' title="bbox 369 3835 1727 3938; baseline 0.002 -29"><span class='ocrx_word' id='word_1_241' title='bbox 369 3835 429 3909; x_wconf 89' lang='lat' dir='ltr'>est</span> <span class='ocrx_word' id='word_1_242' title='bbox 443 3837 562 3927; x_wconf 88' lang='lat' dir='ltr'>actor,</span> <span class='ocrx_word' id='word_1_243' title='bbox 581 3858 657 3911; x_wconf 90' lang='lat' dir='ltr'>non</span> <span class='ocrx_word' id='word_1_244' title='bbox 672 3835 847 3938; x_wconf 87' lang='lat' dir='ltr'>probavit</span> <span class='ocrx_word' id='word_1_245' title='bbox 862 3835 1060 3912; x_wconf 89' lang='lat' dir='ltr'>mulierem</span> <span class='ocrx_word' id='word_1_246' title='bbox 1075 3861 1157 3912; x_wconf 90' lang='lat' dir='ltr'>esse</span> <span class='ocrx_word' id='word_1_247' title='bbox 1176 3835 1440 3938; x_wconf 89' lang='lat' dir='ltr'>impotentem,</span> <span class='ocrx_word' id='word_1_248' title='bbox 1458 3837 1534 3913; x_wconf 93' lang='lat' dir='ltr'>imo</span> <span class='ocrx_word' id='word_1_249' title='bbox 1552 3837 1634 3912; x_wconf 92' lang='lat' dir='ltr'>eius</span> <span class='ocrx_word' id='word_1_250' title='bbox 1654 3861 1727 3912; x_wconf 86' lang='lat' dir='ltr'>as-</span> 
     </span>
     <span class='ocr_line' id='line_1_31' title="bbox 370 3953 1721 4059; baseline 0.004 -30"><span class='ocrx_word' id='word_1_251' title='bbox 370 3953 486 4030; x_wconf 88' lang='lat' dir='ltr'>sertio</span> <span class='ocrx_word' id='word_1_252' title='bbox 514 3979 615 4056; x_wconf 81' lang='lat' dir='ltr'>vaga</span> <span class='ocrx_word' id='word_1_253' title='bbox 637 3958 677 4030; x_wconf 90' lang='lat' dir='ltr'>et</span> <span class='ocrx_word' id='word_1_254' title='bbox 695 3955 900 4056; x_wconf 87' lang='lat' dir='ltr'>aequivoca</span> <span class='ocrx_word' id='word_1_255' title='bbox 918 3979 995 4032; x_wconf 92' lang='lat' dir='ltr'>non</span> <span class='ocrx_word' id='word_1_256' title='bbox 1014 3955 1198 4032; x_wconf 89' lang='lat' dir='ltr'>innititur</span> <span class='ocrx_word' id='word_1_257' title='bbox 1216 3955 1426 4050; x_wconf 88' lang='lat' dir='ltr'>doctrinae,</span> <span class='ocrx_word' id='word_1_258' title='bbox 1448 3979 1561 4059; x_wconf 90' lang='lat' dir='ltr'>quam</span> <span class='ocrx_word' id='word_1_259' title='bbox 1579 3959 1721 4035; x_wconf 89' lang='lat' dir='ltr'>tenent</span> 
     </span>
     <span class='ocr_line' id='line_1_32' title="bbox 369 4073 1721 4180; baseline 0.003 -30"><span class='ocrx_word' id='word_1_260' title='bbox 369 4073 577 4154; x_wconf 88' lang='lat' dir='ltr'>medicinae</span> <span class='ocrx_word' id='word_1_261' title='bbox 604 4075 823 4178; x_wconf 89' lang='lat' dir='ltr'>scriptores,</span> <span class='ocrx_word' id='word_1_262' title='bbox 855 4075 954 4152; x_wconf 92' lang='lat' dir='ltr'>nihil</span> <span class='ocrx_word' id='word_1_263' title='bbox 983 4073 1215 4152; x_wconf 88' lang='lat' dir='ltr'>iudicialiter</span> <span class='ocrx_word' id='word_1_264' title='bbox 1242 4076 1380 4154; x_wconf 87' lang='lat' dir='ltr'>mulier</span> <span class='ocrx_word' id='word_1_265' title='bbox 1403 4076 1599 4180; x_wconf 81' lang='lat' dir='ltr'>deposuit3</span> <span class='ocrx_word' id='word_1_266' title='bbox 1630 4076 1721 4179; x_wconf 89' lang='lat' dir='ltr'>ipsa</span> 
     </span>
     <span class='ocr_line' id='line_1_33' title="bbox 369 4195 1718 4298; baseline 0.004 -30"><span class='ocrx_word' id='word_1_267' title='bbox 369 4195 490 4295; x_wconf 78' lang='lat' dir='ltr'>igitur</span> <span class='ocrx_word' id='word_1_268' title='bbox 518 4195 746 4273; x_wconf 89' lang='lat' dir='ltr'>absolvenda</span> <span class='ocrx_word' id='word_1_269' title='bbox 773 4197 833 4270; x_wconf 90' lang='lat' dir='ltr'>est</span> <span class='ocrx_word' id='word_1_270' title='bbox 861 4195 905 4271; x_wconf 87' lang='lat' dir='ltr'>ab</span> <span class='ocrx_word' id='word_1_271' title='bbox 937 4195 1183 4298; x_wconf 89' lang='lat' dir='ltr'>impotentiae</span> <span class='ocrx_word' id='word_1_272' title='bbox 1210 4198 1316 4290; x_wconf 90' lang='lat' dir='ltr'>nota,</span> <span class='ocrx_word' id='word_1_273' title='bbox 1348 4197 1556 4298; x_wconf 90' lang='lat' dir='ltr'>usquedum</span> <span class='ocrx_word' id='word_1_274' title='bbox 1584 4195 1718 4274; x_wconf 89' lang='lat' dir='ltr'>valide</span> 
     </span>
     <span class='ocr_line' id='line_1_34' title="bbox 367 4313 1719 4420; baseline 0.004 -31"><span class='ocrx_word' id='word_1_275' title='bbox 367 4313 437 4390; x_wconf 93' lang='lat' dir='ltr'>hoc</span> <span class='ocrx_word' id='word_1_276' title='bbox 465 4338 542 4392; x_wconf 92' lang='lat' dir='ltr'>non</span> <span class='ocrx_word' id='word_1_277' title='bbox 570 4317 762 4419; x_wconf 91' lang='lat' dir='ltr'>probetur.</span> <span class='ocrx_word' id='word_1_278' title='bbox 795 4315 880 4392; x_wconf 91' lang='lat' dir='ltr'>Non</span> <span class='ocrx_word' id='word_1_279' title='bbox 900 4318 1025 4418; x_wconf 90' lang='lat' dir='ltr'>potest</span> <span class='ocrx_word' id='word_1_280' title='bbox 1044 4340 1180 4418; x_wconf 90' lang='lat' dir='ltr'>sponso</span> <span class='ocrx_word' id='word_1_281' title='bbox 1200 4315 1404 4418; x_wconf 83' lang='lat' dir='ltr'>suffragari</span> <span class='ocrx_word' id='word_1_282' title='bbox 1424 4317 1647 4420; x_wconf 81' lang='lat' dir='ltr'>ignorantia</span> <span class='ocrx_word' id='word_1_283' title='bbox 1669 4315 1719 4394; x_wconf 90' lang='lat' dir='ltr'>de</span> 
     </span>
     <span class='ocr_line' id='line_1_35' title="bbox 367 4434 1722 4548; baseline 0.005 -38"><span class='ocrx_word' id='word_1_284' title='bbox 367 4434 661 4540; x_wconf 87' lang='lat' dir='ltr'>participatione</span> <span class='ocrx_word' id='word_1_285' title='bbox 681 4436 879 4536; x_wconf 89' lang='lat' dir='ltr'>utriusque</span> <span class='ocrx_word' id='word_1_286' title='bbox 894 4460 1013 4548; x_wconf 54' lang='lat' dir='ltr'>⁴serus</span> <span class='ocrx_word' id='word_1_287' title='bbox 1034 4461 1146 4538; x_wconf 90' lang='lat' dir='ltr'>quam</span> <span class='ocrx_word' id='word_1_288' title='bbox 1166 4461 1326 4538; x_wconf 90' lang='lat' dir='ltr'>sponsae</span> <span class='ocrx_word' id='word_1_289' title='bbox 1345 4438 1499 4531; x_wconf 89' lang='lat' dir='ltr'>tribuit;</span> <span class='ocrx_word' id='word_1_290' title='bbox 1527 4463 1616 4514; x_wconf 89' lang='lat' dir='ltr'>nam</span> <span class='ocrx_word' id='word_1_291' title='bbox 1637 4461 1722 4517; x_wconf 88' lang='lat' dir='ltr'>non</span> 
     </span>
     <span class='ocr_line' id='line_1_36' title="bbox 366 4553 1719 4652; baseline 0.005 -22"><span class='ocrx_word' id='word_1_292' title='bbox 366 4555 472 4633; x_wconf 87' lang='lat' dir='ltr'>illico</span> <span class='ocrx_word' id='word_1_293' title='bbox 499 4554 728 4632; x_wconf 85' lang='lat' dir='ltr'>reclamavit</span> <span class='ocrx_word' id='word_1_294' title='bbox 745 4553 808 4630; x_wconf 85' lang='lat' dir='ltr'>vir</span> <span class='ocrx_word' id='word_1_295' title='bbox 835 4558 970 4632; x_wconf 89' lang='lat' dir='ltr'>contra</span> <span class='ocrx_word' id='word_1_296' title='bbox 988 4554 1270 4632; x_wconf 89' lang='lat' dir='ltr'>deformitatem</span> <span class='ocrx_word' id='word_1_297' title='bbox 1290 4555 1488 4652; x_wconf 91' lang='lat' dir='ltr'>eiusmodi,</span> <span class='ocrx_word' id='word_1_298' title='bbox 1520 4557 1596 4634; x_wconf 92' lang='lat' dir='ltr'>imo</span> <span class='ocrx_word' id='word_1_299' title='bbox 1625 4582 1719 4638; x_wconf 91' lang='lat' dir='ltr'>cum</span> 
     </span>
     <span class='ocr_line' id='line_1_37' title="bbox 260 4673 1726 4784; baseline 0.003 -32"><span class='ocrx_word' id='word_1_300' title='bbox 260 4681 262 4683; x_wconf 77' lang='grc'><strong>’</strong></span> <span class='ocrx_word' id='word_1_301' title='bbox 364 4702 413 4752; x_wconf 86' lang='lat' dir='ltr'>ea</span> <span class='ocrx_word' id='word_1_302' title='bbox 440 4677 613 4779; x_wconf 91' lang='lat' dir='ltr'>copulam</span> <span class='ocrx_word' id='word_1_303' title='bbox 641 4675 789 4770; x_wconf 87' lang='lat' dir='ltr'>habuit,</span> <span class='ocrx_word' id='word_1_304' title='bbox 816 4673 921 4770; x_wconf 89' lang='lat' dir='ltr'>licet,</span> <span class='ocrx_word' id='word_1_305' title='bbox 943 4679 987 4752; x_wconf 89' lang='grc'>11</span> <span class='ocrx_word' id='word_1_306' title='bbox 1007 4675 1086 4779; x_wconf 92' lang='lat' dir='ltr'>ipse</span> <span class='ocrx_word' id='word_1_307' title='bbox 1105 4675 1257 4784; x_wconf 84' lang='lat' dir='ltr'>asserit,</span> <span class='ocrx_word' id='word_1_308' title='bbox 1290 4701 1375 4752; x_wconf 91' lang='lat' dir='ltr'>cum</span> <span class='ocrx_word' id='word_1_309' title='bbox 1396 4677 1608 4782; x_wconf 85' lang='lat' dir='ltr'>impotente</span> <span class='ocrx_word' id='word_1_310' title='bbox 1627 4703 1726 4782; x_wconf 89' lang='lat' dir='ltr'>pro—</span> 
     </span>
    </p>
   </div>
   <div class='ocr_carea' id='block_1_6' title="bbox 0 0 1852 5230">
    <p class='ocr_par' dir='ltr' id='par_1_7' title="bbox 0 0 1852 5230">
     <span class='ocr_line' id='line_1_38' title="bbox 0 0 1852 5230; baseline 0 4"><span class='ocrx_word' id='word_1_311' title='bbox 0 0 1852 5230; x_wconf 95' lang='lat' dir='ltr'> </span> 
     </span>
    </p>
   </div>
  </div>
 </body>
</html>
