3674 5262
304 256 346 318 58
829 273 870 317 cx
892 273 918 316 s.
936 274 966 318 c.
983 273 1124 319 concurr

307 379 344 442 et
364 374 513 444 abusus
534 363 607 443 hac
627 371 666 440 in
690 389 731 440 re
756 371 865 442 valde
890 372 1038 460 lateque
1060 373 1274 460 invaluisse,
1299 376 1380 444 Emi
1403 377 1532 446 Patres
1556 377 1591 446 S.
1609 378 1649 447 C.

304 479 507 552 Tridentini
530 479 750 566 interpretes
773 499 817 548 ac
841 479 1016 564 vindices,
1043 481 1158 549 rebus
1181 483 1358 552 omnibus
1381 484 1417 551 in
1434 483 1571 572 duplici
1585 504 1650 574 ge-

306 588 420 657 nerali
450 589 638 655 conventu
674 591 821 654 mature
856 586 1074 672 perpensis,
1100 587 1209 656 officii
1239 590 1298 657 sui
1329 608 1415 660 esse
1445 591 1645 679 duxerunt,

306 693 409 783 quod
443 693 590 780 pridem
625 693 817 761 decretum
843 695 922 762 erat
944 693 980 760 in
1004 695 1229 764 memoriam
1266 695 1494 786 plenamque
1523 697 1652 768 obser·

306 802 471 872 vantium
508 800 633 870 denuo
668 801 771 887 apud
805 819 940 870 omnes
974 821 1174 889 revocare,
1199 807 1235 872 et
1258 811 1471 892 opportuna
1494 808 1650 895 insuper

306 911 499 980 sanctione
524 907 682 976 munire.

396 1019 588 1088 Praesenti
619 1017 742 1105 itaque
774 1017 923 1086 decreto
953 1021 1141 1106 statuunt,
1167 1019 1265 1088 utin
1289 1026 1483 1108 posterum
1508 1023 1650 1110 siquis

306 1147 356 1196 ex
379 1124 600 1194 sacerdotali
623 1123 755 1194 ordine
778 1127 907 1194 contra
931 1126 1128 1195 enunciata
1153 1126 1301 1198 decreta
1325 1127 1538 1217 deliquerit,
1564 1150 1649 1200 sus·

307 1233 478 1322 pensioni
502 1251 524 1301 a
548 1231 682 1298 divinis
706 1231 743 1298 S.
759 1229 845 1298 Sedi
870 1234 1083 1301 reservatae
1107 1236 1143 1301 et
1170 1233 1252 1318 ipso
1276 1231 1374 1304 iacto
1396 1235 1650 1306 incurrendae

308 1340 499 1410 obnoxius
522 1339 584 1408 sit:
608 1337 767 1406 clericus
791 1342 919 1406 autem
936 1339 1145 1408 sacerdotio
1161 1341 1331 1412 nondum
1349 1342 1509 1410 initiatus
1524 1343 1648 1411 eidem

310 1445 549 1534 suspensioni
574 1444 701 1532 quoad
722 1449 921 1531 susceptos
943 1445 1095 1514 ordines
1118 1445 1285 1515 similiter
1308 1448 1508 1534 subiaceat,
1536 1455 1569 1518 et
1598 1450 1652 1518 in·

307 1555 441 1624 habilis
464 1559 653 1642 praeterea
691 1551 756 1622 flat
778 1552 826 1621 ad
850 1554 1066 1639 superiores
1096 1553 1248 1623 ordines
1282 1556 1537 1642 recipiendos:
1566 1556 1648 1626 laici

286 1652 463 1734 'demum
487 1659 877 1730 excommunicatione
901 1660 996 1730 latae
1019 1663 1223 1732 sententiae
1240 1663 1434 1750 Episcopis
1457 1657 1670 1732 reservata

307 1771 597 1859 obstringuntur.

396 1879 592 1946 Praeterea
616 1893 704 1942 cum
729 1874 956 1960 experientia
980 1874 1156 1962 docuerit
1175 1877 1273 1946 mala
1290 1896 1389 1964 quae
1405 1876 1651 1964 deplorantur

309 2005 358 2055 ex
382 2004 426 2055 eo
450 1983 688 2072 potissimum
711 1982 893 2068 originem
919 1983 1092 2070 viresque
1116 1983 1264 2069 ducere,
1281 1985 1383 2074 quod
1407 1985 1443 2052 in
1468 2003 1651 2072 quorum-

308 2095 396 2162 dam
422 2091 653 2178 privatorum
677 2107 816 2158 manus
841 2089 960 2158 maior
984 2089 1188 2165 missarum
1219 2110 1403 2161 numerus
1434 2092 1650 2179 congeritur

311 2217 425 2286 quam
450 2197 546 2266 iusta
569 2196 773 2266 necessitas
789 2195 911 2283 exigit,
927 2195 1014 2265 ideo
1028 2195 1139 2265 iidem
1156 2199 1236 2266 Emi
1254 2199 1392 2284 Patres,
1411 2198 1653 2267 inhaerentes

310 2302 614 2392 dispositionibus
637 2322 660 2372 a
684 2303 867 2372 Romanis
896 2302 1158 2390 PontificibuS,
1183 2324 1228 2374 ac
1263 2304 1481 2392 praesertim
1506 2305 1555 2373 ab
1579 2305 1646 2373 Ur-

308 2411 412 2482 bano
433 2410 514 2478 Vlll
539 2414 576 2478 et
598 2410 810 2479 Innocentio
838 2411 925 2479 Xlll
960 2411 997 2479 in
1026 2416 1143 2481 const.
1174 2413 1264 2480 Cum
1291 2431 1404 2500 saepe
1437 2409 1642 2500 contingat,

308 2519 400 2590 alias
424 2518 528 2604 datie,
552 2517 625 2586 sub
648 2518 753 2604 gravi
777 2517 1007 2587 obedientiae
1030 2523 1229 2606 praecepto
1253 2519 1459 2589 decernunt
1480 2537 1525 2587 ac
1543 2536 1649 2588 man·

267 2667 269 2672 .
310 2627 408 2711 dant,
434 2625 532 2694 utin
558 2627 750 2711 posterum
775 2643 908 2694 omnes
933 2629 968 2695 et
991 2626 1127 2713 singuli
1151 2627 1289 2714 ubique
1313 2626 1482 2694 locorum
1508 2625 1646 2695 benefl-

305 2735 386 2804 ciati
423 2737 460 2801 et
482 2731 803 2801 administratores
836 2733 985 2818 piarum
1020 2751 1223 2802 causarum
1259 2740 1323 2802 aut
1357 2739 1563 2821 utcumque
1597 2733 1646 2802 ad

304 2843 510 2910 missarum
535 2857 652 2907 onera
676 2837 864 2924 implenda
890 2839 1048 2928 obligati,
1072 2841 1151 2909 sive
1180 2839 1416 2909 ecclesiastici
1448 2839 1528 2908 sive
1555 2835 1645 2924 laici,

305 2949 342 3016 in
366 2945 443 3016 fine
467 2943 664 3014 cuiuslibet
686 2945 775 3014 anni
798 2945 1001 3015 missarum
1033 2966 1166 3032 onera,
1191 2966 1289 3036 quae
1313 2946 1453 3034 reliqua
1478 2951 1585 3032 sunt,
1610 2951 1651 3014 et

306 3054 444 3142 quibus
469 3052 639 3120 nondum
663 3049 927 3138 satisfecerint,
952 3054 1113 3139 propriis
1142 3052 1345 3122 Ordinariis
1372 3053 1520 3122 tradant
1543 3052 1646 3120 iuxta

306 3163 464 3232 modum
488 3161 537 3228 ab
556 3159 601 3227 iis
617 3156 884 3227 definiendum.
910 3159 1093 3228 Ordinarii
1109 3164 1234 3229 autem
1252 3164 1426 3246 acceptas
1442 3161 1646 3230 missarum

304 3268 526 3338 intentiones
542 3284 630 3335 cum
647 3264 798 3334 adnexo
822 3266 1015 3352 stipendi0,
1039 3266 1161 3353 primo
1178 3266 1398 3335 distribuent
1418 3267 1511 3336 inter
1527 3283 1651 3336 sacer-

305 3375 412 3444 dotes
435 3373 504 3442 sibi
527 3372 725 3458 subiectos,
743 3374 806 3460 qui
830 3374 883 3442 eis
907 3373 1072 3461 indigere
1096 3373 1283 3442 noverint:
1308 3373 1400 3442 alias
1424 3373 1558 3442 deinde
1581 3377 1647 3442 aut

284 3483 343 3550 ,S.
361 3480 458 3565 Sedi,
483 3483 548 3549 aut
571 3479 650 3548 aliis
674 3479 877 3549 Ordinariis
901 3481 1138 3566 committent
1164 3482 1372 3565 autetiam,
1398 3480 1428 3548 si
1453 3480 1573 3564 velint,
1590 3497 1650 3548 sa·

304 3585 518 3657 cerdotibus
538 3585 698 3655 aliarum
715 3584 947 3673 dioeceseon,
965 3587 1173 3656 dummodo
1191 3588 1260 3655 sibi
1276 3586 1352 3656 noti
1368 3588 1449 3672 sint,
1467 3587 1648 3673 omnique

305 3693 525 3780 exceptione
543 3693 714 3780 maiores,
729 3699 764 3764 et
776 3694 938 3782 legitima
954 3695 1181 3763 documenta
1197 3695 1311 3763 edant
1326 3695 1419 3763 inter
1431 3692 1644 3781 praefixum

288 3819 518 3900 congruum
553 3804 715 3888 tempus,
749 3801 887 3888 quibus
911 3801 957 3870 de
987 3805 1117 3871 exacta
1148 3803 1369 3872 earumdem
1398 3799 1649 3870 satisfactione

306 3913 459 3978 constet.

306 4083 308 4090 .
393 4017 571 4104 Denique,
586 4017 769 4085 revocatis
782 4016 1085 4103 quibuscumque
1101 4014 1251 4084 indultis
1264 4021 1299 4084 et
1311 4014 1510 4102 privilegiis
1525 4032 1648 4100 usque

304 4141 404 4192 nunc
420 4123 621 4209 concessis,
636 4142 734 4209 quae
750 4123 957 4208 praesentis
970 4123 1108 4192 decreti
1121 4123 1424 4209 dispositionibus
1442 4126 1648 4208 utcumque

304 4229 564 4315 adversentur,
590 4229 625 4296 S.
643 4229 888 4316 Congregatio
913 4247 1027 4310 curae
1051 4233 1087 4298 et
1102 4227 1223 4296 officio
1240 4227 1475 4316 singulorum
1492 4226 1647 4295 Ordina-

302 4336 446 4406 riorum
470 4335 673 4420 committit,
700 4341 740 4402 ut
763 4353 944 4421 praesens
969 4334 1161 4404 decretum
1186 4335 1362 4404 omnibus
1387 4333 1647 4404 ecclesiasticis

303 4462 396 4513 suae
420 4441 658 4512 iurisdictioni
684 4441 870 4528 subiectis
893 4441 1049 4528 aliisque
1072 4461 1236 4530 quorum
1262 4460 1312 4510 ex
1335 4441 1573 4528 praescriptis
1596 4441 1649 4508 in-

303 4555 416 4620 terest
439 4553 571 4618 notum
595 4547 747 4616 sollicite
770 4545 913 4634 faciant,
938 4567 986 4618 ne
1009 4549 1094 4636 quis
1117 4549 1154 4617 in
1177 4551 1372 4636 posterum
1396 4545 1644 4636 ignorantiam
