3674 5262
658 221 700 265 ux
722 221 748 264 s.
767 221 796 266 e.
814 221 936 266 urruuu
1428 203 1464 264 tl

126 318 319 390 humanae
342 324 502 390 naturae
525 318 1021 408 fragilitatemexsuperant,
1045 305 1190 388 cunctis
1214 321 1296 390 eius
1319 318 1471 388 inelina-

124 428 289 496 tionibus
312 427 613 497 contradioendo.
638 429 838 498 Humanae
862 432 1019 498 naturae
1043 428 1263 515 superbiam
1286 429 1324 496 in
1349 427 1468 496 hurni-

124 533 262 603 litutem
289 539 446 621 vertunt,
471 535 812 622 concupiscentiam
837 536 1029 606 carnalem
1054 537 1090 603 in
1108 535 1315 624 angelicam
1333 536 1472 624 purita-

123 645 209 726 tem,
234 641 318 710 auri
342 639 493 727 famem,
518 643 806 729 divitiarumque
834 643 1040 730 appetitum
1073 643 1108 709 in
1133 643 1346 730 squalidam
1381 662 1471 731 pau·

124 751 319 834 pertatem,
344 747 510 817 honores
533 749 569 816 in
595 749 850 836 contumelias
875 750 988 818 huius
1011 751 1143 818 mundi
1166 750 1303 820 fastum
1321 752 1356 819 in
1374 751 1471 818 insa·

126 871 194 922 uos
218 856 419 940 vanitates;
444 856 508 942 qui
532 855 629 926 luten
655 875 745 926 vasa
770 857 973 944 deponunt,
997 863 1183 944 quatenus
1199 855 1340 924 homini
1357 857 1472 925 veteri

125 959 159 1026 in
184 962 351 1047 peccatis
374 963 533 1031 enutrito
557 963 834 1049 superinduunt
857 981 999 1032 novum
1024 963 1314 1050 praetiosissima
1332 963 1472 1050 gratiae

126 1087 169 1136 uc
194 1069 403 1138 dilectionis
427 1075 531 1140 veste
555 1069 738 1139 indutum.
762 1071 891 1158 Neque
916 1068 1060 1138 tructus
1084 1067 1205 1139 terunt
1229 1069 1263 1137 in
1289 1070 1472 1160 angustia,

126 1175 213 1261 quia
239 1197 261 1244 a
288 1175 432 1264 laqueis
456 1177 607 1262 peccati,
632 1177 845 1264 diabolique
868 1177 977 1246 soluti
1002 1195 1078 1245 non
1103 1177 1242 1247 habent
1257 1178 1421 1264 amplius
1437 1178 1474 1247 id

124 1301 202 1368 quo
228 1284 264 1350 in
290 1283 469 1370 operibus
493 1285 631 1354 sanctis
647 1283 936 1372 multiplicandis
953 1284 1200 1354 retardantur.
1219 1285 1314 1353 Sunt
1329 1283 1475 1372 absque

127 1388 256 1456 volatu
281 1389 316 1457 in
342 1409 511 1478 corpore,
536 1397 730 1478 tamquam
755 1392 912 1479 Aquilae
945 1395 1071 1460 tamen
1096 1390 1223 1460 volant
1254 1392 1291 1459 in
1327 1393 1473 1479 spiritu:

125 1501 217 1563 sunt
240 1497 324 1566 neci
347 1498 500 1566 obnoxii
524 1499 648 1584 quoad
673 1517 822 1586 corpus
848 1499 962 1567 vitam
987 1498 1052 1566 Dei
1076 1498 1325 1567 immortalem
1343 1499 1378 1567 in
1403 1500 1475 1586 spi-

127 1603 199 1672 ritu
225 1605 455 1691 participant.
480 1605 575 1674 Sunt
598 1625 736 1693 nempe
760 1606 807 1674 de
830 1606 883 1691 iis,
910 1605 956 1674 de
980 1606 1117 1692 quibus
1142 1604 1303 1692 loquitur
1319 1609 1360 1675 D.
1373 1607 1472 1684 ,Pau-

129 1709 188 1778 lus
213 1710 250 1778 in
275 1712 439 1798 Epistola
464 1713 512 1782 ad
536 1713 746 1782 Corinthios
769 1717 801 1800 2,
826 1731 857 1782 c.
881 1715 920 1780 6:
948 1713 1078 1781 «sicut
1100 1713 1164 1799 qui
1195 1713 1316 1801 ignoti,
1350 1719 1385 1784 et
1414 1733 1476 1783 co·
1513 1735 1514 1740 ¹

127 1817 230 1904 gniti,
255 1819 364 1905 quasi
396 1821 610 1906 morientes
648 1825 683 1890 et
718 1840 805 1889 ecce
839 1819 1012 1905 vivimus,
1048 1824 1090 1888 ut
1124 1820 1299 1908 castigati,
1330 1826 1366 1890 et
1400 1839 1475 1889 non

129 1925 352 2014 mortificati,
378 1929 487 2022 quasi
511 1930 643 2014 tristes,
667 1948 821 2016 semper
845 1932 970 1998 autem
996 1929 1222 2017 gaudentes;
1247 1930 1343 1998 sicut
1367 1947 1476 2018 egen-

128 2039 194 2118 teS,
222 2034 364 2104 multos
396 2040 523 2105 autem
555 2036 842 2124 locupletantes;
874 2040 1068 2124 tamquam
1101 2035 1191 2104 nihil
1225 2037 1416 2124 habentes,
1442 2042 1478 2108 et

127 2141 261 2208 omnia
286 2142 570 2228 possidentes».

200 2247 273 2327 Qui
298 2248 415 2319 taliter
446 2251 587 2336 vivunt,
612 2269 750 2338 nempe
785 2251 849 2338 qui
887 2269 1003 2336 snpra
1038 2250 1266 2335 descriptum
1302 2263 1476 2320 sanctum

130 2353 230 2422 vitae
254 2373 378 2442 genus
400 2357 437 2425 in
462 2359 569 2428 terris
592 2359 743 2444 ducunt,
768 2354 934 2448 protecto
950 2376 1035 2426 esse
1058 2357 1206 2425 heroica
1224 2357 1356 2425 virtute
1372 2376 1478 2444 prae·

128 2461 241 2546 ditos
267 2481 382 2532 nemo
406 2469 472 2550 est,
497 2465 560 2552 qui
584 2466 758 2554 ambigat.
783 2467 950 2534 Mentem
974 2471 1143 2534 nostram
1168 2463 1276 2550 igitur
1304 2461 1352 2533 ad
1383 2464 1476 2531 Ven.

128 2570 294 2639 Lanuini
320 2571 434 2641 vitam
458 2572 697 2642 claustralem
722 2577 990 2641 convertamus
1013 2575 1054 2640 ut
1077 2570 1158 2640 eius
1182 2569 1318 2639 miram
1349 2571 1479 2640 sancti-

128 2681 258 2762 tatem,
285 2697 359 2763 qua
384 2683 459 2746 toto
483 2697 577 2748 suae
602 2679 699 2766 uitae
722 2683 892 2766 ternpore
915 2678 1041 2764 eluxit,
1067 2678 1291 2747 intueamur.

198 2785 255 2852 De
280 2784 458 2854 mundato
482 2785 518 2854 S.
543 2786 732 2855 Bruuonis
756 2787 910 2855 mittitur
934 2787 970 2854 in
995 2785 1202 2854 Calabriam
1230 2789 1270 2853 ut
1291 2785 1477 2854 Eremico-

128 2889 257 2958 larum
284 2891 508 2960 hlonasteria
533 2891 711 2978 aedificet,
744 2897 856 2980 atque
889 2897 929 2961 ut
964 2893 1096 2963 iisdem
1131 2892 1281 2978 praesit.
1305 2893 1359 2960 De
1397 2892 1479 2960 eius

128 2997 229 3066 mira
255 2975 437 3068 activitate
461 2999 497 3067 in
522 2999 759 3068 monasteriis
782 2997 1035 3085 aedificandis
1065 3000 1220 3085 eiusque
1263 2999 1480 3068 dexteritate

129 3103 166 3170 in
194 3105 455 3192 gubernanda,
480 3105 633 3200 interius
661 3107 828 3176 dicturus
865 3126 939 3193 ero,
977 3107 1058 3175 heic
1093 3125 1310 3174 sermonem
1349 3123 1479 3174 meum

130 3211 389 3300 perstringam
414 3213 460 3282 ad
486 3214 598 3283 vitam
624 3215 865 3284 claustralem
888 3215 985 3282 Ven.
1014 3213 1182 3298 Lanuini,
1207 3212 1315 3281 cuius
1345 3209 1411 3280 luit
1434 3216 1481 3281 te-

130 3319 329 3388 nerrimus
353 3324 388 3412 et
411 3321 694 3390 amantissimus
717 3320 848 3390 cultor.

204 3425 307 3494 Licet
330 3426 365 3494 iu
390 3429 704 3497 Monosteriorum
728 3425 1025 3498 aedificationem
1050 3427 1217 3494 maxima
1241 3423 1422 3494 activitate
1446 3428 1483 3492 et

131 3531 305 3602 efficacia
330 3551 484 3621 operam
509 3554 620 3604 suam
645 3535 860 3620 insumeret,
878 3539 914 3604 et
936 3535 972 3602 iu
996 3532 1244 3622 gubernando
1261 3531 1398 3600 eximia
1423 3529 1483 3598 de-

133 3643 319 3727 xteritate,
345 3642 618 3730 prudentiaque
642 3661 794 3712 summa
819 3643 980 3728 eniteret,
999 3639 1238 3709 nihilosecius
1254 3639 1291 3705 in
1308 3637 1411 3706 hisce
1424 3654 1484 3704 ne-

131 3749 246 3838 gotiis
271 3749 505 3838 peragendis
532 3749 726 3820 videbatur
750 3751 836 3838 pati,
861 3753 1128 3834 moestumque
1153 3765 1254 3831 esse;
1276 3742 1363 3813 felix
1379 3747 1481 3830 puta·

132 3855 248 3925 batur
273 3857 427 3944 quando
451 3858 499 3927 ab
524 3859 655 3927 iisdem
681 3856 838 3945 negotiis
861 3877 937 3925 non
962 3855 1172 3944 impeditus,
1197 3853 1279 3921 eius
1318 3849 1483 3919 dulcissi-

133 3981 242 4032 mam
268 3961 507 4031 solitudinem
533 3968 701 4050 repetere
724 3964 881 4050 valebat,
907 3982 1005 4050 quae
1028 3963 1077 4032 ab
1101 3980 1145 4030 eo
1182 3958 1385 4028 paradisus
1420 3975 1483 4024 vo-

133 4075 306 4156 cabatur,
331 4091 404 4160 qua
430 4073 648 4142 dulcissimo
681 4076 794 4144 modo
829 4073 1031 4159 fruebatur,
1064 4071 1151 4166 quia
1183 4075 1301 4137 totum
1335 4070 1485 4153 tempus

137 4179 358 4248 insumebat
381 4180 416 4247 in
441 4181 755 4268 contemplatione
780 4201 908 4250 rerum
933 4180 1162 4264 coelestium,
1188 4179 1223 4244 in
1248 4174 1404 4244 ferventi
1429 4194 1485 4243 as-

136 4287 328 4374 siduaque
354 4287 531 4374 oratione,
556 4293 668 4376 atque
693 4289 730 4356 in
753 4287 907 4358 'actibus
935 4288 1127 4357 maximae
1158 4283 1363 4354 dilectionis
1394 4299 1483 4368 erga

138 4397 274 4480 Deum,
300 4411 470 4464 necnon
494 4396 529 4464 in
553 4396 762 4466 excolenda
786 4397 887 4465 omni
913 4395 1047 4463 virtute
1069 4395 1212 4480 privata
1236 4395 1347 4478 atque
1370 4391 1481 4460 etitam

136 4501 340 4573 eremitica.
366 4503 420 4572 De
444 4503 524 4590 ipso
548 4504 648 4572 enim
673 4501 962 4591 praetatusclar.
980 4501 1147 4588 Tromby
1165 4502 1334 4568 testatur:
1362 4498 1485 4565 «Erat
