3674 5264
718 267 881 312 nrunsnrx
904 269 925 312 r.
1450 247 1489 308 65
1606 281 1612 296 ·

342 413 371 470 S.
392 414 419 470 0.
441 413 470 471 S.
493 413 583 471 offleii
604 418 622 471 5
641 415 755 484 honusti
778 415 856 471 1759.
873 443 906 452 -
926 413 1076 481 Episcopus
1096 411 1285 468 bonomensis.

189 500 277 558 bobia
296 505 384 571 ouoad
406 503 606 559 matrimonium
628 503 786 574 infidelium,
806 515 919 571 auorum
939 502 1013 558 atter
1031 501 1213 569 conuertitur,
1235 501 1309 556 alter
1329 498 1446 555 minime.

237 703 341 787 Saepe
366 699 526 786 contingit
554 711 602 781 ut,
630 719 669 764 en
702 697 828 766 duobus
861 696 1064 774 infidelibus,
1098 693 1180 763 alter
1211 712 1421 768 convertatur
1453 697 1492 766 ad

147 807 261 888 sidem,
289 808 370 870 alter
395 806 541 872 converti
566 807 700 890 quidem
728 819 802 870 tnnc
835 805 929 887 nolit,
956 807 1137 869 consentiat
1170 815 1274 870 :amen
1308 808 1492 875 cohabitare
1599 803 1603 814 '

148 933 222 978 cum
250 912 338 978 fideli
362 913 432 978 sine
457 913 653 976 contumelia
672 911 845 992 Crantoris,
865 921 896 975 et
913 911 992 995 quin
1010 929 1084 975 enm
1109 910 1275 996 pertrabat
1299 912 1337 978 ad
1355 916 1492 981 mortale

147 1031 332 1104 peccatam,
360 1019 422 1082 imo
447 1019 613 1105 promittat
638 1039 672 1082 se
697 1038 828 1103 qnoque
854 1017 953 1084 fidem
979 1029 1089 1102 postea
1114 1018 1385 1102 amplexaturum,
1405 1021 1491 1106 quod

148 1125 187 1189 ob
212 1125 355 1208 aliquam
379 1125 554 1210 specialem
579 1125 737 1190 rationem
763 1125 961 1210 aliquamdiu
982 1109 1119 1190 'dill'erre
1145 1123 1363 1191 necessarium
1389 1127 1490 1193 ducit.

148 1235 252 1310 Quare
271 1230 378 1296 tidelis
402 1230 567 1297 infidelem
586 1251 649 1296 non
668 1231 816 1312 dimittit,
835 1231 891 1296 sed
909 1230 1093 1296 cohabitare
1111 1243 1253 1316 pergunt
1271 1244 1305 1296 nt
1324 1233 1492 1319 coningos,
1585 1316 1592 1326 ἢ

149 1337 247 1422 idque
271 1337 310 1403 ad
336 1337 470 1422 longum
496 1349 625 1424 tempus
651 1349 682 1401 et
707 1339 830 1423 aliquos
855 1337 952 1402 etiarn
976 1356 1096 1401 annos:
1129 1349 1159 1401 at
1190 1349 1303 1422 postea
1338 1338 1492 1424 infidelis,

148 1458 270 1510 mutata
289 1445 474 1526 uoluntate,
500 1463 565 1510 non
588 1446 694 1509 solnm
711 1445 857 1510 conuerti
882 1463 946 1508 non
971 1445 1055 1526 uult,
1073 1444 1130 1510 sed
1149 1454 1251 1540 tentat
1270 1443 1401 1510 fidelem
1418 1466 1492 1531 per-

150 1552 280 1616 trahere
304 1551 343 1616 ad
369 1550 532 1616 idolorum
557 1553 695 1632 cultum,
721 1553 773 1616 vel
798 1550 951 1632 discedit,
977 1569 1037 1614 neo
1063 1549 1123 1614 iam
1155 1551 1316 1615 consentit
1350 1551 1494 1617 habitare

151 1675 223 1720 cnm
249 1655 318 1738 illo,
346 1655 410 1720 imo
434 1657 480 1721 ad·
497 1656 571 1720 alias
596 1655 724 1742 nuptias
750 1657 817 1742 ipse
844 1655 964 1720 transit.
990 1655 1179 1732 Quaeritur:

244 1767 271 1844 t.
297 1767 344 1826 lin
369 1761 401 1827 in
426 1763 485 1828 hoo
511 1783 582 1826 casn
609 1762 709 1846 possit
734 1763 830 1827 etiam
856 1761 961 1826 fidelis
985 1761 1165 1826 derelictus
1190 1761 1372 1845 discedere,
1400 1774 1432 1828 et
1455 1765 1494 1830 ad

152 1868 226 1932 alias
243 1869 370 1952 nuptias
386 1869 535 1950 transire,
563 1868 743 1954 habeatque
760 1869 811 1932 hic
829 1869 936 1933 locum
953 1866 1163 1952 privilegium
1185 1863 1226 1932 ¹ab
1250 1870 1404 1954 Apostolo
1421 1888 1494 1955 pro·

153 1975 355 2060 mutgatnrn:
382 1975 418 2040 Si
442 1976 581 2060 infidelis
606 1975 753 2054 discedit,
779 1975 934 2040 discedot.
1120 2039 1121 2044 ,

242 2083 275 2146 2.
301 2086 349 2145 hn
374 2080 405 2146 id
430 2080 534 2146 solum
561 2081 681 2171 babeat·
701 2081 808 2144 locum
834 2080 962 2166 quando
987 2079 1129 2144 infidelis
1153 2079 1293 2146 discedit
1310 2081 1383 2148 odio
1403 2081 1493 2167 lidei,

153 2207 191 2250 an
215 2186 313 2252 etiarn
338 2187 466 2270 qnando
491 2185 630 2252 discedit
655 2197 792 2271 propter
815 2185 1004 2268 discordias,
1030 2187 1082 2248 vel
1116 2186 1209 2250 aliam
1239 2205 1365 2250 cansam
1389 2209 1406 2251 a
1430 2187 1494 2254 lide

153 2294 328 2358 diversam.

189 2445 192 2457 .
244 2404 274 2466 3.
300 2405 347 2465 hn
371 2399 467 2465 etiam
491 2399 592 2482 possit
624 2387 730 2463 fidelis
763 2373 897 2462 ln·ansir·e
928 2397 965 2462 ad
1000 2397 1080 2461 alias¹
1105 2397 1232 2483 nuptias
1264 2399 1392 2481 qnando
1427 2399 1496 2465 infi-

152 2507 236 2572 delis
261 2525 465 2592 quarumque
490 2505 532 2571 de
557 2525 648 2570 causa
674 2504 712 2568 eb
737 2525 776 2569 eo
802 2504 962 2584 discessit,
983 2524 1041 2569 nec
1060 2505 1132 2568 sciri
1158 2515 1266 2588 potest
1291 2504 1376 2567 vivat
1392 2505 1497 2570 adhuc

153 2635 271 2682 necne.
1554 2593 1562 2601 ’

245 2727 273 2786 h.
300 2726 348 2784 hu
373 2719 493 2800 fidelis,
520 2717 574 2802 qui
601 2738 641 2782 ex
666 2718 909 2804 dispensatione
934 2717 1041 2782 valide
1067 2717 1225 2781 contraxit
1256 2715 1497 2782 matrimonium

154 2847 229 2895 curn
255 2826 392 2909 infideli,
420 2826 554 2892 transire
591 2824 689 2909 possit
714 2825 751 2889 ad
776 2824 851 2888 alias
876 2823 1015 2908 nuptias,
1042 2823 1066 2887 si
1093 2822 1232 2888 infidelis
1257 2823 1417 2905 discedat,
1444 2825 1497 2889 uel

154 2933 337 3000 cohabitare
361 2931 455 3014 nolit,
483 2933 533 2997 rel
561 2951 635 2996 enm
660 2931 827 3017 pertrahat
851 2930 889 2994 ad
914 2930 1052 2994 mortale
1080 2939 1260 3015 peccatum.

245 3047 276 3108 b.
301 3047 348 3106 An
373 3041 494 3125 aliquo,
520 3052 553 3105 et
577 3051 696 3124 quanto
724 3051 872 3122 tempore
896 3036 996 3120 possit
1022 3033 1126 3101 tidelis
1150 3022 1222 3120 post
1248 3035 1499 3101 conirersionem

156 3148 342 3215 cohabitare
374 3165 448 3212 curn
482 3141 619 3228 inlideli,
653 3138 731 3229 buin
759 3143 909 3228 privetur
937 3152 1098 3226 potestate
1132 3141 1318 3206 transeundi
1352 3141 1389 3206 ad
1424 3141 1499 3205 alias

156 3251 315 3338 nuptias?
933 3241 968 3353 ’1

246 3365 284 3426 R.
311 3359 360 3425 nd
387 3363 414 3424 l.
439 3362 472 3423 ln
498 3379 571 3423 casu
596 3359 638 3424 de
663 3377 727 3441 qno
752 3357 871 3440 agitur,
897 3355 1099 3420 ellirmatiue.

246 3467 295 3534 hd
312 3469 342 3532 2.
361 3469 441 3531 Cum
466 3465 586 3529 militet
602 3484 641 3528 ex
659 3474 751 3548 parte
777 3462 922 3546 coniugis
947 3460 1095 3526 conversi
1120 3459 1209 3525 lavor
1226 3459 1317 3540 fidei,
1337 3478 1375 3522 eo
1392 3467 1500 3544 potest

156 3575 205 3643 oti
228 3591 432 3659 quacumque
458 3590 615 3636 excausa
641 3569 819 3635 dnmmodo
849 3567 930 3630 insta
959 3566 1012 3649 sit,
1038 3565 1194 3630 nimirum
1217 3564 1244 3628 si
1273 3583 1337 3629 non
1368 3563 1500 3628 dederit

157 3685 279 3749 iustum
303 3699 337 3745 ac
363 3676 551 3746 rationabile
576 3679 734 3742 motivum
758 3675 850 3739 alteri
877 3673 1005 3757 coniugi
1031 3671 1236 3754 discedendi,
1263 3671 1304 3734 ita
1334 3682 1438 3734 tamen
1463 3659 1506 3732 nt¹

155 3801 235 3855 tnnc
259 3787 364 3852 solum
391 3785 592 3870 intelligatur
615 3785 758 3848 solutum
784 3782 897 3866 iugum
920 3779 1041 3844 vinculi
1067 3775 1312 3843 matrimonialis
1337 3793 1411 3841 cum
1429 3773 1498 3838 ins·

158 3896 238 3978 deli,
265 3893 395 3978 qnando
420 3891 539 3957 coniux
564 3909 751 3972 conuersus,
784 3895 944 3953 renuente
978 3888 1079 3950 altero
1103 3896 1176 3969 post
1204 3881 1499 3969 interpellationem

157 4001 319 4084 conuerti)
344 3998 457 4064 transit
481 3999 519 4062 ad
546 3997 605 4062 alia
629 4007 701 4061 nota
727 4013 800 4060 cnm
825 3991 925 4058 lideli.

248 4107 295 4172 nd
322 4111 352 4172 3.
378 4103 649 4171 Praemittendam
674 4119 743 4166 esse
769 4097 1067 4186 interpellationem
1093 4117 1152 4181 qna
1179 4097 1345 4160 intimetur
1370 4093 1501 4178 coniugi

159 4213 285 4280 infideli
308 4232 347 4278 an
372 4210 452 4276 uelit
476 4211 669 4292 conuerti,a
695 4229 756 4294 qna
781 4205 1046 4291 interpellatione
1071 4205 1253 4290 apostolica
1279 4201 1379 4266 Sedes
1412 4200 1501 4264 iustis

158 4321 202 4386 de
225 4319 328 4385 causis
353 4318 530 4402 dispensat.

250 4425 297 4490 nd
318 4428 348 4490 b.
369 4425 399 4491 Si
417 4424 535 4506 fidelis,
554 4421 683 4508 praeuia
708 4419 961 4506 dispensatione,
987 4415 1146 4483 contraxit
1170 4415 1409 4480 matrimonium
1428 4430 1501 4476 cnm

158 4531 299 4614 infideli,
325 4542 477 4598 censetur
501 4529 581 4596 illud
607 4513 804 4593 contraxisse
830 4546 902 4592 cnm
929 4524 1081 4610 explicita
1103 4523 1302 4603 conditione,
1321 4517 1500 4585 dummodo

258 4671 342 4726 Acta,
365 4669 437 4716 roan.
459 4666 569 4716 XXVI.
584 4665 661 4729 susc.
685 4664 805 4713 Ct‘dll.
1378 4660 1392 4702 b
