3672 5216
356 240 413 301 112
907 257 1140 302 ,3331331333

436 358 675 437 Rssonumo.
709 357 823 435 Sacra
860 357 906 435 C.
939 359 1103 435 Concilii
1135 383 1176 434 re
1208 359 1419 460 disceptata
1446 359 1512 433 sub
1545 358 1604 432 die
1647 356 1698 433 18

355 477 490 554 Martii
528 478 646 570 1893,
682 479 831 556 censuit
869 482 1120 582 respondere:
1161 479 1403 555 ,S'enana'nrn
1441 505 1519 555 csse
1554 482 1699 578 331313-

354 601 563 676 31333331.

801 806 1227 860 *mom--

573 1006 789 1086 Nummus
793 1005 876 1084 EN.
908 1005 975 1082 ET
1004 1004 1206 1084 CAPITIS
1235 1004 1472 1081 uniuntur

740 1215 846 1267 ouen
875 1197 1002 1276 ouoan
1030 1213 1309 1268 onmmmonns

434 1417 494 1474 Die
521 1417 560 1472 15
585 1417 671 1474 Inui
698 1415 796 1474 18113.

1206 1517 1280 1568 Sess.
1296 1518 1330 1567 23
1350 1531 1409 1580 cap.
1431 1515 1499 1566 SDe
1517 1516 1629 1565 reform.

435 1671 697 1750 Conrrnsmuu
727 1697 854 1748 snum.
878 1671 1064 1748 Vertente
1083 1696 1212 1747 mense
1232 1669 1328 1746 Iulio
1347 1671 1439 1746 anni
1461 1667 1578 1760 1890,
1601 1667 1699 1769 Epi-

353 1817 486 1896 scopus
525 1794 674 1897 Capitis
712 1793 886 1870 Haitiani
915 1793 1102 1893 simulque
1139 1793 1429 1868 administrator
1465 1790 1697 1893 apostolicus

353 1916 496 1991 Portus
526 1915 638 1990 Pacis
668 1915 760 1990 haec
789 1915 828 1990 S.
861 1914 907 1992 O.
938 1913 1138 2016 exposuit:

438 2067 455 2108 «
488 2036 744 2112 Seminarium
773 2037 895 2112 maius
925 2035 1144 2138 provinciae
1182 2034 1386 2110 1131113333
1414 2034 1532 2108 situm
1566 2035 1625 2108 est
1655 2031 1696 2106 in

352 2156 524 2232 Dioecesi
555 2155 806 2260 Nannetensi.
838 2154 1414 2237 0333333133]3313133313133
1444 2166 1536 2228 sunt
1555 2153 1696 2228 subditi

353 2276 517 2353 alicuius
545 2301 593 2352 ex
621 2277 805 2380 episcopis
842 2278 1035 2354 haitianae
1063 2277 1232 2354 ditionis.
1273 2275 1513 2377 Usquemodo
1544 2273 1700 2350 ordina-

354 2400 478 2474 tiones
512 2399 553 2474 in
581 2399 740 2474 ecclesia
782 2397 983 2474 Seminarii
1027 2398 1149 2474 factae
1182 2403 1273 2473 sunt
1303 2401 1385 2473 tum
1413 2397 1458 2473 ab
1492 2419 1579 2489 un0,
1612 2398 1697 2471 tum

353 2522 397 2597 ab
426 2520 502 2596 alio
530 2521 704 2623 episcopo
732 2521 885 2596 nomine
913 2521 1173 2624 episcoporum
1204 2519 1550 2621 Haiti‚aliz.1uando
1577 2520 1696 2596 etiam

352 2643 397 2717 ab
419 2667 493 2717 uno
513 2667 560 2718 ex
575 2643 763 2744 episcopis
781 2642 983 2735 1131113313,
1005 2669 1051 2716 ex
1074 2641 1230 2718 licentia
1251 2643 1415 2744 episcopi
1446 2643 1697 2732 nannetensis

353 2762 471 2838 semel
500 2762 604 2855 data,
622 2766 661 2836 31
691 2762 833 2838 litteris
861 2762 1176 2838 dimissorialibus
1207 2763 1254 2838 ad
1273 2763 1488 2865 episcopum
1516 2761 1699 2836 ordinan-

352 2886 431 2988 tem
460 2882 574 2982 datis,
598 2905 673 2959 non
693 2889 822 2957 antem
841 2881 887 2958 ad
906 2882 1121 2986 episcopum
1142 2887 1430 2960 nannetensem.
1461 2883 1699 2958 Testimonia

353 3005 470 3080 etiam
509 3004 760 3080 ordinationis
794 3005 838 3080 ab
874 3003 999 3079 eodem
1040 3006 1212 3107 episcopo
1246 3005 1446 3081 ordinante
1483 3004 1698 3105 subscripta

353 3130 460 3216 3331,
481 3124 587 3201 33113
607 3124 709 3199 facta
723 3125 915 3200 mentione
930 3123 1180 3226 delegationis
1196 3125 1373 3228 Episcopi
1390 3125 1651 3202 nannetensis.
1674 3155 1693 3196 ›

354 3247 482 3345 Atque
511 3245 572 3320 bis
602 3244 748 3331 relatis,
780 3246 982 3346 quaerebat
1014 3275 1031 3316 «
1059 3245 1097 3321 1⁰
1117 3247 1261 3324 Utrum
1280 3247 1437 3320 retineri
1460 3244 1579 3348 possit
1605 3245 1697 3320 talis

353 3364 492 3465 agendi
521 3364 667 3440 modus.
700 3365 900 3452 Quatenus
920 3366 1100 3467 negative
1119 3367 1161 3442 2⁰
1183 3365 1374 3466 Numquid
1403 3365 1566 3468 episcopi
1599 3392 1699 3443 nan-

355 3485 525 3561 netensis
564 3485 681 3561 solius
710 3487 762 3561 sit
791 3487 871 3562 sive
905 3513 971 3590 per
1000 3511 1039 3562 se
1068 3488 1149 3562 sive
1177 3512 1243 3589 per
1280 3488 1397 3564 alium
1437 3487 1698 3564 ordinationes

353 3607 477 3684 facere
505 3608 545 3684 in
576 3607 767 3710 praedicto
796 3610 1024 3700 seminari0,
1063 3609 1163 3686 datis
1193 3610 1261 3686 sibi
1291 3611 1335 3685 ab
1364 3610 1567 3686 ordinariis
1595 3610 1701 3686 ordi-

353 3727 565 3804 nandorum
604 3729 749 3805 litteris
787 3730 1115 3806 dimissorialibus.
1148 3731 1190 3807 3⁰
1219 3732 1338 3812 Cuius
1376 3731 1428 3805 sit
1465 3731 1699 3808 subscribere

353 3849 576 3925 testimonia
603 3849 870 3926 ordinationis.
902 3852 944 3926 4⁰
974 3850 1093 3929 Cuius
1123 3851 1275 3927 nomine
1304 3851 1380 3952 legi
1417 3851 1549 3926 debeat
1576 3852 1701 3927 inter-

352 3971 497 4047 dictum
526 3977 616 4048 ante
643 3971 980 4049 ordinationem.»
1011 3973 1152 4048 Preces⁴
1176 3997 1245 4050 ceu
1273 3974 1317 4048 de
1346 3996 1448 4047 more
1476 3971 1608 4048 statim
1638 3998 1701 4049 re

355 4093 494 4168 missae
533 4097 626 4168 sunt
666 4093 840 4195 episcopo
868 4095 1118 4184 nannetensi,
1150 4095 1213 4195 qui
1243 4118 1371 4171 mensa
1399 4093 1609 4196 Septembri
1638 4095 1701 4172 in-

354 4213 527 4312 sequenti
548 4213 639 4290 haec
658 4218 811 4288 tantum
833 4212 872 4290 S.
896 4213 942 4291 C.
962 4213 1224 4316 significabat:
1252 4215 1387 4290 «Mihi
1408 4240 1487 4290 rem
1507 4215 1699 4292 attentius

355 4333 627 4429 consideranti,
650 4339 689 4411 et
705 4335 952 4437 perspicienti
973 4335 1188 4412 huiusmodi
1217 4337 1390 4412 alumnos
1410 4360 1529 4436 neque
1549 4336 1698 4413 ratione
1724 4397 1728 4406 .

354 4454 530 4556 originis,
563 4461 607 4531 ut
636 4455 835 4558 plurimos,
866 4481 986 4558 neque
1016 4457 1164 4533 ratione
1182 4457 1465 4550 destinationis,
1497 4481 1615 4557 neque
1635 4483 1700 4532 33-

355 4575 459 4650 11333
487 4577 758 4678 magistrorum
780 4577 912 4678 quibus
941 4584 1119 4670 utuntur,
1142 4577 1370 4653 subditione
1399 4577 1576 4680 Episcopi
1597 4577 1700 4655 Nan·
