3694 5230
339 232 399 295 212
929 227 1083 292 uunurss.
1116 249 1124 277 τ

338 346 458 452 vulgo
486 347 720 450 cappadoce,
753 347 965 451 proprietas
984 348 1031 422 ad
1058 303 1278 424 sodalitium
1297 351 1457 450 spectet,
1488 349 1686 437 constare,

339 469 410 562 ait,
433 493 481 544 ex
509 465 657 569 publico
683 467 941 544 instrumento
968 467 1041 543 diei
1068 467 1096 544 4
1123 467 1270 570 Aprilis
1306 465 1423 559 1787,
1446 465 1684 568 adstipulato
1831 545 1832 576 ,

340 589 442 665 inter
469 587 668 692 deputatos
704 587 873 664 sodalitii
901 591 941 664 et
968 587 1180 690 capitulum
1216 587 1396 664 ecclesiae
1435 584 1573 663 SSrirae
1600 587 1686 664 An·
1831 585 1832 590 ‘

341 709 557 786 nuntiatae.
602 707 700 786 Cum
737 711 868 784 autem
911 732 1091 784 numerus
1132 707 1390 785 consodalium
1432 707 1687 810 peroraverit,

341 854 441 906 anno
474 827 591 921 1734,
623 828 858 905 assentiente
895 827 1062 931 capitulo
1090 827 1303 930 collegiali,
1334 832 1374 903 et
1401 831 1529 930 empto
1556 827 1636 904 solo
1663 853 1690 904 a
1831 915 1832 918 Ἴ

341 949 510 1053 capitulo
536 948 769 1026 cathedralis
796 948 976 1024 ecclesiae
1003 947 1054 1025 ibi
1074 948 1326 1040 aedificarunt
1346 948 1485 1024 nedum
1505 973 1685 1050 magnam

343 1067 551 1172 cappellam
580 1093 667 1144 cum
700 1067 834 1162 altari,
875 1066 1006 1146 tabula
1041 1067 1315 1146 immaculatae
1352 1067 1620 1172 Conceptionis
1647 1073 1691 1144 et

343 1190 382 1267 S.
415 1187 565 1283 Sabini,
597 1187 661 1263 sed
688 1188 807 1265 etiam
833 1186 1058 1266 Oratorium
1085 1188 1127 1266 in
1155 1213 1227 1291 quo
1255 1188 1395 1265 fratres
1420 1188 1690 1264 convenirent.
1831 1191 1832 1210 ²

422 1308 556 1401 Immo,
587 1309 658 1402 ait,
690 1309 731 1386 in
768 1307 897 1384 eodem
934 1309 1053 1387 citato
1081 1308 1363 1403 instrumento,
1401 1307 1492 1386 dum
1527 1333 1577 1384 ex
1610 1333 1692 1385 una
1831 1327 1832 1330 ’

343 1430 452 1530 parte
492 1451 584 1504 usus
625 1451 786 1529 magnae
827 1428 1019 1532 cappellae
1051 1453 1119 1532 pro
1147 1429 1265 1506 sacris
1297 1428 1554 1506 functionibus
1585 1429 1695 1506 inter

343 1552 544 1649 utramque
573 1552 736 1651 partem,
758 1573 892 1652 nempe
918 1550 1023 1627 inter
1054 1551 1295 1628 sodalitatem
1313 1555 1353 1628 et
1372 1551 1584 1654 capitulum
1611 1548 1692 1626 col·
1831 1589 1832 1652 g

343 1668 510 1771 legiale,
541 1669 741 1761 sancitur,
781 1695 830 1745 ex
867 1669 991 1747 altera
1022 1675 1131 1775 parte
1163 1671 1375 1775 proprietas
1411 1670 1696 1747 determinatur

345 1790 476 1864 favore
505 1789 558 1890 pii
588 1787 771 1865 sodalitii.

426 1910 480 1988 Et
508 1907 597 2009 quia
624 1908 668 1985 ob
696 1907 812 1984 istam
840 1908 1112 2011 proprietatem
1139 1933 1236 1986 onus
1264 1910 1565 2000 manutentionis
1593 1935 1618 1986 a
1634 1933 1694 1986 so·

344 2026 505 2105 dalitate
533 2028 760 2122 sustinetur,
791 2028 984 2104 sententia
1010 2028 1236 2132 episcopalis
1247 2030 1406 2139 sturiae,
1431 2056 1525 2132 quaa
1553 2031 1598 2106 de
1618 2054 1690 2107 usu

345 2153 498 2225 tantum
526 2147 719 2250 cappellae
746 2147 935 2249 loquitur,
965 2148 1049 2224 ideo
1078 2149 1319 2226 reformanda
1338 2150 1482 2226 oratori
1514 2150 1691 2244 videtur,

344 2269 407 2345 ita
434 2271 479 2344 ut
506 2267 686 2372 explicite
719 2268 837 2344 etiam
864 2268 1093 2365 declaretur,
1115 2295 1295 2372 magnam
1332 2270 1541 2373 cappellam
1569 2269 1689 2372 quoad

345 2387 617 2490 proprietatem
649 2388 695 2464 ad
733 2387 977 2466 sodalitatem
1014 2389 1278 2466 tautummodo
1316 2391 1520 2492 pertinere.
1540 2409 1543 2416 ·
1563 2389 1691 2466 Aliter

345 2508 448 2585 enim
475 2507 625 2584 nullum
654 2508 738 2612 ipsa
765 2533 833 2610 pro
861 2511 941 2586 suis
969 2510 1146 2612 expensis
1165 2512 1488 2614 correspectivum
1516 2511 1685 2588 haberet.

425 2627 555 2729 Neque
583 2627 762 2704 dissimili
780 2628 1052 2706 reformatione
1070 2629 1240 2706 eamdem
1269 2633 1401 2706 tuetur
1417 2630 1591 2732 indigere
1610 2657 1694 2708 sen·

344 2749 523 2841 tentiam,
553 2749 702 2849 quando
727 2747 848 2824 relate
867 2748 914 2824 ad
934 2747 973 2827 S.
997 2748 1124 2826 Sabini
1154 2749 1402 2825 simulacrum
1420 2749 1602 2844 affirmat,
1625 2775 1697 2828 nc·

344 2868 487 2944 minem
514 2866 559 2943 de
589 2868 655 2943 illo
685 2892 793 2971 posse
820 2870 895 2944 siba·
920 2869 1119 2945 vindicare
1156 2870 1391 2946 douu'uc‘uoa.
1424 2868 1552 2957 Quum
1588 2868 1689 2946 enim

344 2991 493 3064 constet
521 2990 634 3090 opera
661 2992 701 3063 et
728 2988 905 3091 expensis
939 2987 1151 3064 consodalis
1179 2988 1384 3064 sacerdotis
1422 2988 1619 3065 Francisci
1645 2987 1696 3064 de

344 3109 450 3185 Leva
475 3107 572 3184 illud
600 3107 716 3184 fuisse
735 3113 1012 3202 constructum,
1035 3108 1117 3184 ideo
1136 3112 1320 3211 patronus
1345 3113 1523 3186 autumat
1544 3109 1690 3186 adrem

344 3229 469 3306 facere
497 3253 736 3305 communem
764 3229 961 3305 doctorum
989 3229 1238 3322 sententiam,
1269 3253 1344 3329 qua
1370 3227 1555 3305 donatum
1584 3226 1697 3304 soda-

345 3349 451 3426 litati
479 3348 715 3450 intelligitur
741 3348 780 3424 id
808 3349 907 3450 quod
933 3346 1147 3425 consodalis
1176 3347 1418 3426 inhonorem
1447 3375 1491 3426 ac
1518 3348 1689 3426 decorem

345 3469 406 3545 sui
433 3467 602 3544 sodalitii
631 3467 778 3546 lecerit.
810 3467 924 3548 Unde
951 3467 1158 3564 concludit,
1182 3472 1351 3546 statuam
1370 3470 1418 3546 ad
1438 3469 1691 3546 confraterni-

346 3593 466 3666 tatem
495 3588 701 3690 pertinere,
733 3614 805 3665 usu
833 3593 963 3666 tamen
990 3589 1158 3665 eiusdem
1187 3593 1370 3692 perpetuo
1398 3594 1512 3691 atque
1544 3589 1691 3667 inamo-

345 3706 454 3784 vibili
482 3707 662 3784 ecclesiae
691 3708 893 3811 paroeciali
921 3708 1071 3784 relicto.

427 3825 587 3929 insuper
614 3813 805 3904 immerito
834 3851 901 3929 pro
930 3827 1029 3903 festo
1047 3827 1088 3904 S.
1112 3827 1240 3905 Sabini
1268 3828 1481 3933 peragendo
1500 3830 1691 3905 actionem

346 3947 571 4025 directivam
613 3948 775 4050 parocho
812 3946 931 4023 fuisse
958 3948 1002 4024 ab
1039 3946 1226 4051 llpiscopo
1254 3972 1470 4026 concessam
1507 3951 1693 4050 patronus

345 4067 606 4168 conqueritur,
635 4067 725 4169 quia
751 4068 1053 4143 instrumentum
1082 4067 1173 4143 anni
1211 4066 1314 4147 1787
1334 4068 1478 4171 abipso
1502 4065 1692 4171 Episcopo

344 4185 583 4280 invocatum,
614 4185 836 4289 exceptione
863 4185 967 4262 facta
995 4189 1116 4288 quoad
1144 4188 1432 4290 proprietatem,
1462 4187 1502 4264 in
1531 4186 1689 4289 reliquis

344 4307 519 4408 aequalia
545 4307 632 4384 iura
659 4305 854 4383 sodalitati
883 4309 923 4382 et
950 4308 1114 4411 parocho
1142 4307 1294 4384 tribuit.
1384 4353 1388 4362 -
1616 4404 1618 4408 .

429 4426 559 4514 Quoad
588 4451 715 4504 sacras
753 4426 1058 4530 suppellectiles,
1089 4427 1134 4504 de
1163 4453 1325 4529 quarum
1352 4429 1610 4533 proprietate„
1645 4427 1690 4502 ob

339 4547 661 4624 documentorum
688 4545 893 4643 defectum,
916 4546 1098 4625 iudicium
1126 4547 1256 4625 renuit
1283 4549 1390 4626 curia
1418 4549 1601 4652 proferre,
1623 4572 1696 4624 au-
