3636 5232
335 246 399 310 222
944 259 1099 304 nunnius.

425 366 496 443 IV.
530 365 592 438 [ill
621 375 656 438 el
684 361 736 438 acl
764 386 879 462 quern
907 372 1045 463 spectet
1064 368 1288 464 proprietas
1323 361 1482 438 aediarn
1511 363 1685 440 ecclesiae

339 485 559 594 paroeciali
589 488 895 584 continentiam,
932 493 967 556 ei
998 488 1249 557 nominatam
1283 508 1454 584 rnapnae
1486 484 1683 586 cappellae

342 601 620 713 (cappellano),
651 630 718 678 noc
747 627 828 677 non
855 614 1010 678 scaione
1045 599 1089 677 S.
1110 600 1253 678 Sabini
1286 613 1322 678 el
1346 627 1558 682 sacrariam
1587 631 1685 708 sap-

337 729 595 836 pellectilinrn
624 732 667 800 in
694 749 805 799 casii.

425 849 476 925 V.
507 848 572 923 Ari
605 845 921 942 Corisroterniias
951 849 1013 918 ins
1040 842 1181 918 liabeai
1207 843 1382 945 eripeaili
1407 845 1613 922 ianialarn
1642 854 1683 921 in

336 973 539 1050 sodaliarn
565 967 789 1066 funeribus,
822 961 1124 1065 independenter
1152 991 1175 1038 a
1206 963 1403 1066 parocho,
1435 975 1472 1040 ei
1502 971 1598 1067 qaia
1633 993 1690 1044 ce-

336 1119 434 1183 reoS,
455 1099 602 1166 circam
618 1093 825 1190 oppositos,
844 1087 1025 1160 ecclesiae
1036 1085 1253 1187 paroeciali
1269 1085 1488 1186 relinquere
1509 1097 1691 1163 teneatur
1805 1099 1806 1108 ³

347 1240 389 1288 m
419 1237 528 1287 oasa.

418 1331 658 1410 Rusonuno.
698 1325 814 1402 Sacra
850 1323 897 1402 O.
943 1323 1108 1401 Concilii
1143 1349 1183 1400 re
1219 1323 1434 1427 disceptata
1469 1329 1537 1404 sub
1574 1329 1635 1405 die
1664 1331 1688 1406 6

341 1451 437 1554 Maii
469 1449 573 1529 1893
601 1447 751 1525 censuit
779 1444 1030 1548 respondere:
1053 1444 1116 1519 Ad
1134 1443 1417 1523 [Sententiam
1437 1473 1514 1524 esse
1543 1451 1687 1552 coinfir-

335 1574 545 1652 mandarn.
577 1567 640 1644 Ad
666 1565 720 1654 ΙΙ,
746 1563 824 1648 ΙΙΙ,
849 1563 874 1639 Ι
881 1565 922 1649 V,
946 1577 981 1641 ei
1006 1564 1040 1636 V
1058 1573 1276 1668 proris-noc
1296 1573 1339 1640 in
1360 1575 1510 1669 priano.

418 1691 480 1770 Ex
500 1712 637 1777 amaus
655 1708 852 1765 couniens.
875 1683 908 1760 Ι.
928 1685 1142 1762 Perochum
1162 1685 1297 1761 habere
1316 1685 1357 1762 in
1376 1687 1530 1790 propria
1554 1688 1691 1767 Eccle-

336 1813 397 1890 sia
413 1811 680 1904 intentionem,
699 1808 739 1886 in
760 1809 840 1883 iure
860 1805 1076 1899 fundatam,
1096 1806 1210 1882 libere
1229 1831 1359 1884 omnes
1378 1808 1584 1911 peragendi
1600 1808 1691 1886 fun-

337 1932 500 2025 ctiones,
531 1930 769 2033 primumque
798 1927 924 2004 locum
952 1926 992 2002 iu
1019 1925 1068 2002 iis
1095 1925 1310 2020 obtinendi3
1343 1928 1388 2004 ob
1415 1928 1542 2031 ipsum
1565 1928 1690 2007 domi·
1806 1981 1807 2036 p

339 2053 462 2147 nium,
493 2052 701 2156 primatum
729 2053 768 2125 et
795 2050 992 2151 regimen,
1023 2045 1120 2149 quod
1148 2047 1334 2150 parochus
1361 2048 1509 2126 obtinet
1537 2049 1578 2126 iu
1616 2075 1689 2128 sua

336 2172 511 2249 Ecclesia
537 2177 577 2249 el
604 2169 795 2249 universis
825 2169 947 2273 ipsius
975 2168 1161 2271 partibus.

418 2294 469 2369 ΙΙ.
506 2292 664 2395 Ideoque
697 2290 912 2368 functiones
942 2313 1087 2382 umnec,
1119 2289 1387 2391 cuiuscumque
1416 2289 1569 2386 indolis,
1601 2291 1688 2368 fieri
1737 2380 1742 2388 ¹

335 2414 466 2491 debere
495 2439 518 2489 a
537 2412 707 2490 Perocho
730 2410 795 2487 vel
814 2410 858 2488 ab
877 2409 954 2486 alio
974 2433 1061 2486 cum
1079 2407 1328 2514 dependentia
1347 2437 1370 2487 a
1389 2411 1561 2489 Perocho
1580 2412 1683 2515 ipsc,

337 2561 384 2612 ue
412 2535 589 2611 turbetur
616 2533 706 2610 ordo
733 2532 775 2608 in
802 2530 1009 2636 paroeciali
1037 2529 1221 2610 Ecclesia.

229 2757 232 2763 Δ
416 2657 487 2736 ΙΙΙ.
520 2657 736 2734 Perochum
763 2655 822 2731 uti
852 2653 1046 2732 Ecclesiae
1075 2653 1303 2757 parochialis
1323 2655 1548 2758 primarium
1571 2656 1693 2733 mini-

331 2787 460 2859 strum
488 2783 548 2858 ius
576 2782 712 2858 habere
739 2779 786 2856 ad
814 2778 1072 2882 percipiendas
1091 2778 1319 2876 oblationes,
1351 2804 1446 2882 quae
1473 2781 1691 2860 obveniunt
1807 2821 1808 2856 ι

335 2905 440 2981 intra
468 2903 610 2980 limites
639 2925 729 2978 suae
758 2901 974 3005 paroeciae.

415 3021 486 3099 IV.
518 3022 578 3098 Ad
607 3019 813 3125 parochum
841 3020 1034 3124 pertinere
1064 3021 1123 3096 ius
1156 3020 1386 3123 percipiendi
1423 3019 1691 3098 emolumenta
1807 3031 1808 3034 ‘

334 3143 495 3237 funeris,
526 3143 608 3220 sive
636 3167 680 3218 ea
707 3166 801 3244 quae
829 3140 1041 3218 obveniunt
1059 3141 1208 3217 radone
1230 3139 1376 3218 funeris
1396 3144 1435 3217 et
1460 3139 1691 3244 sepulturae

336 3263 377 3340 in
405 3261 749 3366 compensationem
769 3262 895 3338 oneris
915 3261 1029 3338 officii
1050 3260 1173 3338 curati
1194 3265 1233 3336 ei
1251 3263 1604 3340 administrationis
1625 3290 1695 3340 sa-

336 3385 636 3460 erameniorum.
