<?xml version="1.0" encoding="UTF-8"?>
<!DOCTYPE html PUBLIC "-//W3C//DTD XHTML 1.0 Transitional//EN"
    "http://www.w3.org/TR/xhtml1/DTD/xhtml1-transitional.dtd">
<html xmlns="http://www.w3.org/1999/xhtml" xml:lang="en" lang="en">
 <head>
  <title>
</title>
<meta http-equiv="Content-Type" content="text/html;charset=utf-8" />
  <meta name='ocr-system' content='tesseract 3.04.00' />
  <meta name='ocr-capabilities' content='ocr_page ocr_carea ocr_par ocr_line ocrx_word'/>
</head>
<body>
  <div class='ocr_page' id='page_1' title='image "actasanctaesedi01popegoog_0018.png"; bbox 0 0 3674 5264; ppageno 0'>
   <div class='ocr_carea' id='block_1_1' title="bbox 688 195 1457 257">
    <p class='ocr_par' dir='ltr' id='par_1_1' title="bbox 688 195 1457 257">
     <span class='ocr_line' id='line_1_1' title="bbox 688 195 1457 257; baseline 0.004 -3"><span class='ocrx_word' id='word_1_1' title='bbox 688 209 873 255; x_wconf 77' lang='lat' dir='ltr'>socrusruu.</span> <span class='ocrx_word' id='word_1_2' title='bbox 1418 195 1457 257; x_wconf 86' lang='lat' dir='ltr'>ll</span> 
     </span>
    </p>
   </div>
   <div class='ocr_carea' id='block_1_2' title="bbox 100 310 1565 4626">
    <p class='ocr_par' dir='ltr' id='par_1_2' title="bbox 109 310 1462 771">
     <span class='ocr_line' id='line_1_2' title="bbox 112 310 1462 413; baseline 0.004 -31"><span class='ocrx_word' id='word_1_3' title='bbox 112 312 293 408; x_wconf 78' lang='lat' dir='ltr'>gruerent</span> <span class='ocrx_word' id='word_1_4' title='bbox 321 333 408 386; x_wconf 88' lang='lat' dir='ltr'>cum</span> <span class='ocrx_word' id='word_1_5' title='bbox 427 311 474 386; x_wconf 89' lang='lat' dir='ltr'>iis</span> <span class='ocrx_word' id='word_1_6' title='bbox 503 335 597 412; x_wconf 89' lang='lat' dir='ltr'>quae</span> <span class='ocrx_word' id='word_1_7' title='bbox 626 310 787 388; x_wconf 79' lang='lat' dir='ltr'>Carolus</span> <span class='ocrx_word' id='word_1_8' title='bbox 807 313 938 413; x_wconf 90' lang='lat' dir='ltr'>postea</span> <span class='ocrx_word' id='word_1_9' title='bbox 957 311 1161 405; x_wconf 86' lang='lat' dir='ltr'>revelavit,</span> <span class='ocrx_word' id='word_1_10' title='bbox 1189 335 1355 412; x_wconf 87' lang='lat' dir='ltr'>quaeque</span> <span class='ocrx_word' id='word_1_11' title='bbox 1374 313 1462 388; x_wconf 82' lang='lat' dir='ltr'>evi-</span> 
     </span>
     <span class='ocr_line' id='line_1_3' title="bbox 109 429 1451 531; baseline 0.003 -27"><span class='ocrx_word' id='word_1_12' title='bbox 109 429 262 506; x_wconf 90' lang='lat' dir='ltr'>dentem</span> <span class='ocrx_word' id='word_1_13' title='bbox 291 431 630 531; x_wconf 74' lang='lat' dir='ltr'><strong>contradictionem</strong></span> <span class='ocrx_word' id='word_1_14' title='bbox 658 430 888 524; x_wconf 90' lang='lat' dir='ltr'>involvunt;</span> <span class='ocrx_word' id='word_1_15' title='bbox 926 457 1015 508; x_wconf 89' lang='lat' dir='ltr'>nam</span> <span class='ocrx_word' id='word_1_16' title='bbox 1042 431 1305 510; x_wconf 76' lang='lat' dir='ltr'>concluderem</span> <span class='ocrx_word' id='word_1_17' title='bbox 1333 432 1451 526; x_wconf 87' lang='lat' dir='ltr'>illico,</span> 
     </span>
     <span class='ocr_line' id='line_1_4' title="bbox 110 549 1462 629; baseline 0.005 -7"><span class='ocrx_word' id='word_1_18' title='bbox 110 549 397 626; x_wconf 74' lang='lat' dir='ltr'>matrimonium</span> <span class='ocrx_word' id='word_1_19' title='bbox 425 550 610 626; x_wconf 89' lang='lat' dir='ltr'>mansisse</span> <span class='ocrx_word' id='word_1_20' title='bbox 638 553 781 626; x_wconf 87' lang='lat' dir='ltr'>ratum.</span> <span class='ocrx_word' id='word_1_21' title='bbox 823 552 897 626; x_wconf 87' lang='lat' dir='ltr'>Ast</span> <span class='ocrx_word' id='word_1_22' title='bbox 925 553 969 628; x_wconf 89' lang='lat' dir='ltr'>ab</span> <span class='ocrx_word' id='word_1_23' title='bbox 997 551 1068 628; x_wconf 90' lang='lat' dir='ltr'>hac</span> <span class='ocrx_word' id='word_1_24' title='bbox 1097 552 1337 628; x_wconf 78' lang='lat' dir='ltr'>conclusione</span> <span class='ocrx_word' id='word_1_25' title='bbox 1365 553 1462 629; x_wconf 84' lang='lat' dir='ltr'>edu-</span> 
     </span>
     <span class='ocr_line' id='line_1_5' title="bbox 110 668 779 771; baseline 0 -27"><span class='ocrx_word' id='word_1_26' title='bbox 110 668 226 745; x_wconf 79' lang='lat' dir='ltr'>cend‘a</span> <span class='ocrx_word' id='word_1_27' title='bbox 254 671 452 771; x_wconf 82' lang='lat' dir='ltr'>sequentia</span> <span class='ocrx_word' id='word_1_28' title='bbox 478 695 538 748; x_wconf 92' lang='lat' dir='ltr'>me</span> <span class='ocrx_word' id='word_1_29' title='bbox 566 675 779 747; x_wconf 88' lang='lat' dir='ltr'>removent.</span> 
     </span>
    </p>

    <p class='ocr_par' dir='ltr' id='par_1_3' title="bbox 100 789 1565 4626">
     <span class='ocr_line' id='line_1_6' title="bbox 189 789 1460 892; baseline 0.004 -28"><span class='ocrx_word' id='word_1_30' title='bbox 189 789 408 892; x_wconf 90' lang='lat' dir='ltr'>Propadum</span> <span class='ocrx_word' id='word_1_31' title='bbox 437 790 612 866; x_wconf 88' lang='lat' dir='ltr'>scivisse</span> <span class='ocrx_word' id='word_1_32' title='bbox 633 789 702 866; x_wconf 86' lang='lat' dir='ltr'>ait.</span> <span class='ocrx_word' id='word_1_33' title='bbox 734 791 850 870; x_wconf 78' lang='lat' dir='ltr'>Uxor,</span> <span class='ocrx_word' id='word_1_34' title='bbox 865 797 992 866; x_wconf 88' lang='lat' dir='ltr'>autem</span> <span class='ocrx_word' id='word_1_35' title='bbox 1013 816 1107 891; x_wconf 87' lang='lat' dir='ltr'>quae</span> <span class='ocrx_word' id='word_1_36' title='bbox 1132 791 1256 892; x_wconf 89' lang='lat' dir='ltr'>ipsum</span> <span class='ocrx_word' id='word_1_37' title='bbox 1276 791 1347 868; x_wconf 88' lang='lat' dir='ltr'>tali</span> <span class='ocrx_word' id='word_1_38' title='bbox 1367 794 1460 868; x_wconf 88' lang='lat' dir='ltr'>tan-</span> 
     </span>
     <span class='ocr_line' id='line_1_7' title="bbox 110 911 1453 1014; baseline 0.002 -29"><span class='ocrx_word' id='word_1_39' title='bbox 110 914 221 1012; x_wconf 90' lang='lat' dir='ltr'>toque</span> <span class='ocrx_word' id='word_1_40' title='bbox 249 911 334 988; x_wconf 90' lang='lat' dir='ltr'>odio</span> <span class='ocrx_word' id='word_1_41' title='bbox 362 914 667 1014; x_wconf 74' lang='lat' dir='ltr'>prosequebatur,</span> <span class='ocrx_word' id='word_1_42' title='bbox 699 935 888 1014; x_wconf 89' lang='lat' dir='ltr'>eousque</span> <span class='ocrx_word' id='word_1_43' title='bbox 918 914 960 985; x_wconf 89' lang='lat' dir='ltr'>ut</span> <span class='ocrx_word' id='word_1_44' title='bbox 989 912 1105 988; x_wconf 89' lang='lat' dir='ltr'>verba</span> <span class='ocrx_word' id='word_1_45' title='bbox 1132 911 1383 1013; x_wconf 75' lang='lat' dir='ltr'>imprecative</span> <span class='ocrx_word' id='word_1_46' title='bbox 1412 912 1453 988; x_wconf 90' lang='lat' dir='ltr'>in</span> 
     </span>
     <span class='ocr_line' id='line_1_8' title="bbox 109 1029 1560 1134; baseline 0 -30"><span class='ocrx_word' id='word_1_47' title='bbox 109 1029 232 1132; x_wconf 88' lang='lat' dir='ltr'>ipsum</span> <span class='ocrx_word' id='word_1_48' title='bbox 262 1035 469 1126; x_wconf 88' lang='lat' dir='ltr'>evomeret,</span> <span class='ocrx_word' id='word_1_49' title='bbox 501 1057 545 1107; x_wconf 91' lang='lat' dir='ltr'>eo</span> <span class='ocrx_word' id='word_1_50' title='bbox 564 1031 735 1134; x_wconf 85' lang='lat' dir='ltr'>perrexit</span> <span class='ocrx_word' id='word_1_51' title='bbox 763 1055 850 1122; x_wconf 88' lang='lat' dir='ltr'>cum</span> <span class='ocrx_word' id='word_1_52' title='bbox 879 1031 960 1133; x_wconf 90' lang='lat' dir='ltr'>ipso</span> <span class='ocrx_word' id='word_1_53' title='bbox 989 1055 1183 1107; x_wconf 87' lang='lat' dir='ltr'>mansura.</span> <span class='ocrx_word' id='word_1_54' title='bbox 1216 1029 1389 1108; x_wconf 87' lang='lat' dir='ltr'>Invitata</span> <span class='ocrx_word' id='word_1_55' title='bbox 1407 1033 1454 1108; x_wconf 87' lang='lat' dir='ltr'>ad</span> <span class='ocrx_word' id='word_1_56' title='bbox 1559 1101 1560 1104; x_wconf 74' lang='grc'>,</span> 
     </span>
     <span class='ocr_line' id='line_1_9' title="bbox 109 1151 1556 1245; baseline 0.006 -19"><span class='ocrx_word' id='word_1_57' title='bbox 109 1151 276 1227; x_wconf 89' lang='lat' dir='ltr'>obeunda</span> <span class='ocrx_word' id='word_1_58' title='bbox 304 1152 435 1228; x_wconf 91' lang='lat' dir='ltr'>munia</span> <span class='ocrx_word' id='word_1_59' title='bbox 462 1154 580 1230; x_wconf 90' lang='lat' dir='ltr'>bonae</span> <span class='ocrx_word' id='word_1_60' title='bbox 609 1153 756 1245; x_wconf 81' lang='lat' dir='ltr'>uxoris,</span> <span class='ocrx_word' id='word_1_61' title='bbox 789 1151 929 1226; x_wconf 90' lang='lat' dir='ltr'>iterum</span> <span class='ocrx_word' id='word_1_62' title='bbox 958 1151 1175 1245; x_wconf 91' lang='lat' dir='ltr'>recusavit,</span> <span class='ocrx_word' id='word_1_63' title='bbox 1207 1159 1361 1228; x_wconf 85' lang='lat' dir='ltr'>causam</span> <span class='ocrx_word' id='word_1_64' title='bbox 1389 1152 1458 1228; x_wconf 90' lang='lat' dir='ltr'>ad·</span> <span class='ocrx_word' id='word_1_65' title='bbox 1552 1221 1556 1234; x_wconf 78' lang='grc'>.</span> 
     </span>
     <span class='ocr_line' id='line_1_10' title="bbox 108 1270 1461 1373; baseline 0.001 -28"><span class='ocrx_word' id='word_1_66' title='bbox 108 1271 246 1348; x_wconf 89' lang='lat' dir='ltr'>ducens</span> <span class='ocrx_word' id='word_1_67' title='bbox 284 1295 333 1348; x_wconf 81' lang='lat' dir='ltr'>ex</span> <span class='ocrx_word' id='word_1_68' title='bbox 360 1275 540 1348; x_wconf 90' lang='lat' dir='ltr'>consueto</span> <span class='ocrx_word' id='word_1_69' title='bbox 569 1276 609 1348; x_wconf 90' lang='lat' dir='ltr'>et</span> <span class='ocrx_word' id='word_1_70' title='bbox 637 1271 790 1348; x_wconf 90' lang='lat' dir='ltr'>mensili</span> <span class='ocrx_word' id='word_1_71' title='bbox 828 1270 1031 1346; x_wconf 90' lang='lat' dir='ltr'>mulierum</span> <span class='ocrx_word' id='word_1_72' title='bbox 1060 1271 1343 1373; x_wconf 90' lang='lat' dir='ltr'>impedimento.</span> <span class='ocrx_word' id='word_1_73' title='bbox 1376 1272 1461 1347; x_wconf 86' lang='lat' dir='ltr'>Ve-</span> 
     </span>
     <span class='ocr_line' id='line_1_11' title="bbox 109 1391 1454 1496; baseline 0.003 -30"><span class='ocrx_word' id='word_1_74' title='bbox 109 1395 325 1472; x_wconf 87' lang='lat' dir='ltr'>rumtamen</span> <span class='ocrx_word' id='word_1_75' title='bbox 354 1392 434 1495; x_wconf 91' lang='lat' dir='ltr'>ipso</span> <span class='ocrx_word' id='word_1_76' title='bbox 464 1391 601 1470; x_wconf 84' lang='lat' dir='ltr'>Oarolo</span> <span class='ocrx_word' id='word_1_77' title='bbox 629 1394 743 1486; x_wconf 89' lang='lat' dir='ltr'>teste,</span> <span class='ocrx_word' id='word_1_78' title='bbox 776 1393 968 1466; x_wconf 88' lang='lat' dir='ltr'>aversatio</span> <span class='ocrx_word' id='word_1_79' title='bbox 987 1391 1118 1466; x_wconf 84' lang='lat' dir='ltr'>uxoris</span> <span class='ocrx_word' id='word_1_80' title='bbox 1147 1393 1187 1468; x_wconf 87' lang='lat' dir='ltr'>in</span> <span class='ocrx_word' id='word_1_81' title='bbox 1206 1391 1345 1496; x_wconf 92' lang='lat' dir='ltr'>ipsum,</span> <span class='ocrx_word' id='word_1_82' title='bbox 1378 1417 1454 1470; x_wconf 88' lang='lat' dir='ltr'>non</span> 
     </span>
     <span class='ocr_line' id='line_1_12' title="bbox 110 1511 1453 1615; baseline 0.003 -30"><span class='ocrx_word' id='word_1_83' title='bbox 110 1511 278 1613; x_wconf 87' lang='lat' dir='ltr'>amplius</span> <span class='ocrx_word' id='word_1_84' title='bbox 307 1518 492 1615; x_wconf 87' lang='lat' dir='ltr'>apparet,</span> <span class='ocrx_word' id='word_1_85' title='bbox 539 1511 595 1588; x_wconf 89' lang='lat' dir='ltr'>ait</span> <span class='ocrx_word' id='word_1_86' title='bbox 624 1513 726 1588; x_wconf 90' lang='lat' dir='ltr'>enim</span> <span class='ocrx_word' id='word_1_87' title='bbox 753 1517 879 1588; x_wconf 73' lang='lat' dir='ltr'>servies</span> <span class='ocrx_word' id='word_1_88' title='bbox 907 1511 1088 1587; x_wconf 81' lang='lat' dir='ltr'>ludebam</span> <span class='ocrx_word' id='word_1_89' title='bbox 1117 1523 1152 1586; x_wconf 89' lang='lat' dir='ltr'>et</span> <span class='ocrx_word' id='word_1_90' title='bbox 1181 1514 1336 1588; x_wconf 85' lang='lat' dir='ltr'>iocobcr</span> <span class='ocrx_word' id='word_1_91' title='bbox 1363 1539 1453 1589; x_wconf 80' lang='lat' dir='ltr'>carn</span> 
     </span>
     <span class='ocr_line' id='line_1_13' title="bbox 109 1630 1460 1736; baseline 0.004 -33"><span class='ocrx_word' id='word_1_92' title='bbox 109 1657 172 1736; x_wconf 15' lang='lat' dir='ltr'>ra.-</span> <span class='ocrx_word' id='word_1_93' title='bbox 198 1631 278 1708; x_wconf 90' lang='lat' dir='ltr'>Nec</span> <span class='ocrx_word' id='word_1_94' title='bbox 298 1631 420 1707; x_wconf 91' lang='lat' dir='ltr'>solum</span> <span class='ocrx_word' id='word_1_95' title='bbox 440 1631 565 1709; x_wconf 85' lang='lat' dir='ltr'>deluit</span> <span class='ocrx_word' id='word_1_96' title='bbox 584 1630 877 1724; x_wconf 81' lang='lat' dir='ltr'>aversatioilla,</span> <span class='ocrx_word' id='word_1_97' title='bbox 900 1630 965 1706; x_wconf 88' lang='lat' dir='ltr'>sed</span> <span class='ocrx_word' id='word_1_98' title='bbox 992 1631 1166 1734; x_wconf 90' lang='lat' dir='ltr'>specialis</span> <span class='ocrx_word' id='word_1_99' title='bbox 1187 1633 1326 1708; x_wconf 88' lang='lat' dir='ltr'>amoris</span> <span class='ocrx_word' id='word_1_100' title='bbox 1345 1657 1460 1734; x_wconf 77' lang='lat' dir='ltr'>prae·</span> 
     </span>
     <span class='ocr_line' id='line_1_14' title="bbox 108 1739 1455 1854; baseline 0.002 -28"><span class='ocrx_word' id='word_1_101' title='bbox 108 1751 188 1829; x_wconf 84' lang='lat' dir='ltr'>buit</span> <span class='ocrx_word' id='word_1_102' title='bbox 218 1753 343 1854; x_wconf 86' lang='lat' dir='ltr'>signa.</span> <span class='ocrx_word' id='word_1_103' title='bbox 365 1753 538 1828; x_wconf 55' lang='lat' dir='ltr'>xlrlnu&#39;sr&#39;t</span> <span class='ocrx_word' id='word_1_104' title='bbox 556 1753 782 1854; x_wconf 38' lang='lat' dir='ltr'>o&#39;rnprtcrcus,</span> <span class='ocrx_word' id='word_1_105' title='bbox 805 1751 936 1826; x_wconf 84' lang='lat' dir='ltr'>osculo</span> <span class='ocrx_word' id='word_1_106' title='bbox 958 1763 993 1826; x_wconf 89' lang='lat' dir='ltr'>et</span> <span class='ocrx_word' id='word_1_107' title='bbox 1011 1739 1342 1837; x_wconf 74' lang='lat' dir='ltr'>contrectationes,</span> <span class='ocrx_word' id='word_1_108' title='bbox 1370 1755 1455 1830; x_wconf 84' lang='lat' dir='ltr'>licet</span> 
     </span>
     <span class='ocr_line' id='line_1_15' title="bbox 110 1869 1461 1973; baseline 0.001 -28"><span class='ocrx_word' id='word_1_109' title='bbox 110 1872 160 1945; x_wconf 78' lang='lat' dir='ltr'>orl</span> <span class='ocrx_word' id='word_1_110' title='bbox 189 1872 331 1948; x_wconf 82' lang='lat' dir='ltr'>tectum</span> <span class='ocrx_word' id='word_1_111' title='bbox 360 1879 490 1947; x_wconf 80' lang='lat' dir='ltr'>conire</span> <span class='ocrx_word' id='word_1_112' title='bbox 519 1872 661 1946; x_wconf 85' lang='lat' dir='ltr'>notuit.</span> <span class='ocrx_word' id='word_1_113' title='bbox 692 1871 838 1948; x_wconf 91' lang='lat' dir='ltr'>lterum</span> <span class='ocrx_word' id='word_1_114' title='bbox 859 1869 951 1946; x_wconf 88' lang='lat' dir='ltr'>haec</span> <span class='ocrx_word' id='word_1_115' title='bbox 979 1872 1093 1947; x_wconf 89' lang='lat' dir='ltr'>verba</span> <span class='ocrx_word' id='word_1_116' title='bbox 1122 1871 1306 1973; x_wconf 84' lang='lat' dir='ltr'>leguntur</span> <span class='ocrx_word' id='word_1_117' title='bbox 1333 1871 1374 1950; x_wconf 91' lang='lat' dir='ltr'>in</span> <span class='ocrx_word' id='word_1_118' title='bbox 1394 1873 1461 1947; x_wconf 60' lang='lat' dir='ltr'>iu*</span> 
     </span>
     <span class='ocr_line' id='line_1_16' title="bbox 108 1989 1453 2078; baseline 0.001 -12"><span class='ocrx_word' id='word_1_119' title='bbox 108 1997 192 2067; x_wconf 86' lang='lat' dir='ltr'>rata</span> <span class='ocrx_word' id='word_1_120' title='bbox 231 1991 358 2068; x_wconf 84' lang='lat' dir='ltr'>Caroli</span> <span class='ocrx_word' id='word_1_121' title='bbox 396 1991 644 2068; x_wconf 84' lang='lat' dir='ltr'>confessione.</span> <span class='ocrx_word' id='word_1_122' title='bbox 686 1989 879 2078; x_wconf 82' lang='lat' dir='ltr'>Quomodo</span> <span class='ocrx_word' id='word_1_123' title='bbox 907 1995 1036 2066; x_wconf 89' lang='lat' dir='ltr'>autem</span> <span class='ocrx_word' id='word_1_124' title='bbox 1073 1991 1165 2068; x_wconf 89' lang='lat' dir='ltr'>haec</span> <span class='ocrx_word' id='word_1_125' title='bbox 1198 1992 1453 2068; x_wconf 81' lang='lat' dir='ltr'>concilientur</span> 
     </span>
     <span class='ocr_line' id='line_1_17' title="bbox 108 2110 1462 2215; baseline 0.001 -29"><span class='ocrx_word' id='word_1_126' title='bbox 108 2136 192 2187; x_wconf 92' lang='lat' dir='ltr'>cum</span> <span class='ocrx_word' id='word_1_127' title='bbox 221 2113 462 2188; x_wconf 80' lang='lat' dir='ltr'>aversatione</span> <span class='ocrx_word' id='word_1_128' title='bbox 498 2111 617 2188; x_wconf 90' lang='lat' dir='ltr'>animi</span> <span class='ocrx_word' id='word_1_129' title='bbox 645 2135 740 2212; x_wconf 88' lang='lat' dir='ltr'>quae</span> <span class='ocrx_word' id='word_1_130' title='bbox 768 2135 791 2186; x_wconf 94' lang='lat' dir='ltr'>a</span> <span class='ocrx_word' id='word_1_131' title='bbox 818 2110 944 2198; x_wconf 86' lang='lat' dir='ltr'>Maria</span> <span class='ocrx_word' id='word_1_132' title='bbox 972 2110 1012 2184; x_wconf 88' lang='lat' dir='ltr'>in</span> <span class='ocrx_word' id='word_1_133' title='bbox 1050 2111 1233 2188; x_wconf 87' lang='lat' dir='ltr'>maritum</span> <span class='ocrx_word' id='word_1_134' title='bbox 1271 2115 1462 2215; x_wconf 89' lang='lat' dir='ltr'>concepta</span> 
     </span>
     <span class='ocr_line' id='line_1_18' title="bbox 108 2231 1453 2336; baseline 0.001 -30"><span class='ocrx_word' id='word_1_135' title='bbox 108 2237 179 2326; x_wconf 81' lang='lat' dir='ltr'>est,</span> <span class='ocrx_word' id='word_1_136' title='bbox 211 2257 273 2308; x_wconf 90' lang='lat' dir='ltr'>me</span> <span class='ocrx_word' id='word_1_137' title='bbox 300 2234 446 2309; x_wconf 91' lang='lat' dir='ltr'>nescire</span> <span class='ocrx_word' id='word_1_138' title='bbox 473 2233 666 2336; x_wconf 88' lang='lat' dir='ltr'>profiteor.</span> <span class='ocrx_word' id='word_1_139' title='bbox 699 2231 810 2312; x_wconf 91' lang='lat' dir='ltr'>Unde</span> <span class='ocrx_word' id='word_1_140' title='bbox 839 2235 906 2307; x_wconf 90' lang='lat' dir='ltr'>aut</span> <span class='ocrx_word' id='word_1_141' title='bbox 935 2255 1011 2308; x_wconf 87' lang='lat' dir='ltr'>non</span> <span class='ocrx_word' id='word_1_142' title='bbox 1034 2232 1239 2332; x_wconf 81' lang='lat' dir='ltr'>intelligo,</span> <span class='ocrx_word' id='word_1_143' title='bbox 1281 2237 1349 2309; x_wconf 90' lang='lat' dir='ltr'>aut</span> <span class='ocrx_word' id='word_1_144' title='bbox 1376 2233 1453 2309; x_wconf 89' lang='lat' dir='ltr'>iter</span> 
     </span>
     <span class='ocr_line' id='line_1_19' title="bbox 109 2351 1460 2456; baseline 0 -28"><span class='ocrx_word' id='word_1_145' title='bbox 109 2351 238 2428; x_wconf 86' lang='lat' dir='ltr'>uxoris</span> <span class='ocrx_word' id='word_1_146' title='bbox 266 2353 313 2428; x_wconf 89' lang='lat' dir='ltr'>ad</span> <span class='ocrx_word' id='word_1_147' title='bbox 342 2353 572 2456; x_wconf 86' lang='lat' dir='ltr'>Propadum,</span> <span class='ocrx_word' id='word_1_148' title='bbox 604 2357 643 2430; x_wconf 93' lang='lat' dir='ltr'>et</span> <span class='ocrx_word' id='word_1_149' title='bbox 671 2354 717 2430; x_wconf 90' lang='lat' dir='ltr'>ad</span> <span class='ocrx_word' id='word_1_150' title='bbox 745 2353 927 2430; x_wconf 87' lang='lat' dir='ltr'>maritum</span> <span class='ocrx_word' id='word_1_151' title='bbox 955 2354 1177 2430; x_wconf 88' lang='lat' dir='ltr'>voluntaria</span> <span class='ocrx_word' id='word_1_152' title='bbox 1196 2353 1373 2446; x_wconf 83' lang='lat' dir='ltr'>accessio,</span> <span class='ocrx_word' id='word_1_153' title='bbox 1404 2353 1460 2430; x_wconf 90' lang='lat' dir='ltr'>iis</span> 
     </span>
     <span class='ocr_line' id='line_1_20' title="bbox 108 2473 1565 2575; baseline 0.001 -27"><span class='ocrx_word' id='word_1_154' title='bbox 108 2474 344 2550; x_wconf 87' lang='lat' dir='ltr'>communita</span> <span class='ocrx_word' id='word_1_155' title='bbox 362 2474 567 2569; x_wconf 88' lang='lat' dir='ltr'>adiunctis,</span> <span class='ocrx_word' id='word_1_156' title='bbox 589 2500 685 2575; x_wconf 89' lang='lat' dir='ltr'>quae</span> <span class='ocrx_word' id='word_1_157' title='bbox 703 2501 751 2550; x_wconf 89' lang='lat' dir='ltr'>ex</span> <span class='ocrx_word' id='word_1_158' title='bbox 771 2499 834 2550; x_wconf 93' lang='lat' dir='ltr'>ore</span> <span class='ocrx_word' id='word_1_159' title='bbox 854 2474 983 2552; x_wconf 85' lang='lat' dir='ltr'>Caroli</span> <span class='ocrx_word' id='word_1_160' title='bbox 1007 2475 1162 2574; x_wconf 88' lang='lat' dir='ltr'>eiusque</span> <span class='ocrx_word' id='word_1_161' title='bbox 1183 2473 1453 2550; x_wconf 89' lang='lat' dir='ltr'>testificatione</span> <span class='ocrx_word' id='word_1_162' title='bbox 1562 2535 1565 2542; x_wconf 95' lang='lat'><em>.</em></span> 
     </span>
     <span class='ocr_line' id='line_1_21' title="bbox 107 2594 1457 2697; baseline 0.001 -28"><span class='ocrx_word' id='word_1_163' title='bbox 107 2599 266 2697; x_wconf 82' lang='lat' dir='ltr'>excepta</span> <span class='ocrx_word' id='word_1_164' title='bbox 294 2597 399 2687; x_wconf 88' lang='lat' dir='ltr'>sunt,</span> <span class='ocrx_word' id='word_1_165' title='bbox 430 2594 583 2672; x_wconf 91' lang='lat' dir='ltr'>dubium</span> <span class='ocrx_word' id='word_1_166' title='bbox 613 2600 727 2696; x_wconf 84' lang='lat' dir='ltr'>atque</span> <span class='ocrx_word' id='word_1_167' title='bbox 754 2594 1066 2672; x_wconf 87' lang='lat' dir='ltr'>incertitudinem</span> <span class='ocrx_word' id='word_1_168' title='bbox 1093 2595 1291 2696; x_wconf 81' lang='lat' dir='ltr'>ingerunt,</span> <span class='ocrx_word' id='word_1_169' title='bbox 1323 2618 1457 2670; x_wconf 91' lang='lat' dir='ltr'>conse-</span> 
     </span>
     <span class='ocr_line' id='line_1_22' title="bbox 107 2713 1463 2814; baseline 0.001 -26"><span class='ocrx_word' id='word_1_170' title='bbox 107 2719 266 2814; x_wconf 90' lang='lat' dir='ltr'>quenter</span> <span class='ocrx_word' id='word_1_171' title='bbox 284 2713 560 2791; x_wconf 83' lang='lat' dir='ltr'>confessionem</span> <span class='ocrx_word' id='word_1_172' title='bbox 578 2715 745 2791; x_wconf 83' lang='lat' dir='ltr'>eiusdem</span> <span class='ocrx_word' id='word_1_173' title='bbox 765 2715 857 2792; x_wconf 89' lang='lat' dir='ltr'>licet</span> <span class='ocrx_word' id='word_1_174' title='bbox 878 2715 1043 2799; x_wconf 84' lang='lat' dir='ltr'>iuratam</span> <span class='ocrx_word' id='word_1_175' title='bbox 1059 2713 1305 2792; x_wconf 89' lang='lat' dir='ltr'>vacillantem</span> <span class='ocrx_word' id='word_1_176' title='bbox 1326 2720 1463 2790; x_wconf 87' lang='lat' dir='ltr'>osten--</span> 
     </span>
     <span class='ocr_line' id='line_1_23' title="bbox 107 2833 1454 2938; baseline 0.003 -31"><span class='ocrx_word' id='word_1_177' title='bbox 107 2833 217 2927; x_wconf 91' lang='lat' dir='ltr'>dunt,</span> <span class='ocrx_word' id='word_1_178' title='bbox 249 2839 317 2910; x_wconf 87' lang='lat' dir='ltr'>aut</span> <span class='ocrx_word' id='word_1_179' title='bbox 346 2834 483 2912; x_wconf 89' lang='lat' dir='ltr'>saltem</span> <span class='ocrx_word' id='word_1_180' title='bbox 511 2835 726 2912; x_wconf 91' lang='lat' dir='ltr'>insinuant.</span> <span class='ocrx_word' id='word_1_181' title='bbox 759 2835 812 2912; x_wconf 87' lang='lat' dir='ltr'>Et</span> <span class='ocrx_word' id='word_1_182' title='bbox 840 2861 975 2912; x_wconf 87' lang='lat' dir='ltr'>revera</span> <span class='ocrx_word' id='word_1_183' title='bbox 1002 2838 1047 2913; x_wconf 87' lang='lat' dir='ltr'>ab</span> <span class='ocrx_word' id='word_1_184' title='bbox 1074 2836 1158 2938; x_wconf 89' lang='lat' dir='ltr'>ipso</span> <span class='ocrx_word' id='word_1_185' title='bbox 1186 2834 1339 2910; x_wconf 84' lang='lat' dir='ltr'>exordio</span> <span class='ocrx_word' id='word_1_186' title='bbox 1362 2858 1454 2911; x_wconf 91' lang='lat' dir='ltr'>con-</span> 
     </span>
     <span class='ocr_line' id='line_1_24' title="bbox 107 2955 1453 3059; baseline 0.001 -30"><span class='ocrx_word' id='word_1_187' title='bbox 107 2955 216 3056; x_wconf 78' lang='lat' dir='ltr'>iugii,</span> <span class='ocrx_word' id='word_1_188' title='bbox 249 2979 347 3032; x_wconf 85' lang='lat' dir='ltr'>uxor</span> <span class='ocrx_word' id='word_1_189' title='bbox 374 2955 491 3033; x_wconf 89' lang='lat' dir='ltr'>talem</span> <span class='ocrx_word' id='word_1_190' title='bbox 519 2957 692 3059; x_wconf 91' lang='lat' dir='ltr'>concepit</span> <span class='ocrx_word' id='word_1_191' title='bbox 719 2957 760 3032; x_wconf 92' lang='lat' dir='ltr'>in</span> <span class='ocrx_word' id='word_1_192' title='bbox 791 2957 972 3032; x_wconf 89' lang='lat' dir='ltr'>maritum</span> <span class='ocrx_word' id='word_1_193' title='bbox 1000 2956 1299 3048; x_wconf 85' lang='lat' dir='ltr'>aversationem,</span> <span class='ocrx_word' id='word_1_194' title='bbox 1332 2959 1376 3030; x_wconf 91' lang='lat' dir='ltr'>ut</span> <span class='ocrx_word' id='word_1_195' title='bbox 1405 2979 1453 3030; x_wconf 89' lang='lat' dir='ltr'>ne</span> 
     </span>
     <span class='ocr_line' id='line_1_25' title="bbox 107 3074 1462 3181; baseline -0.002 -29"><span class='ocrx_word' id='word_1_196' title='bbox 107 3077 232 3180; x_wconf 88' lang='lat' dir='ltr'>ipsum</span> <span class='ocrx_word' id='word_1_197' title='bbox 270 3077 418 3178; x_wconf 91' lang='lat' dir='ltr'>quidem</span> <span class='ocrx_word' id='word_1_198' title='bbox 447 3079 575 3155; x_wconf 91' lang='lat' dir='ltr'>videre</span> <span class='ocrx_word' id='word_1_199' title='bbox 602 3083 819 3181; x_wconf 85' lang='lat' dir='ltr'>pateretur,</span> <span class='ocrx_word' id='word_1_200' title='bbox 852 3103 947 3180; x_wconf 86' lang='lat' dir='ltr'>quae</span> <span class='ocrx_word' id='word_1_201' title='bbox 975 3077 1091 3154; x_wconf 90' lang='lat' dir='ltr'>animi</span> <span class='ocrx_word' id='word_1_202' title='bbox 1130 3074 1321 3152; x_wconf 88' lang='lat' dir='ltr'>aversatio</span> <span class='ocrx_word' id='word_1_203' title='bbox 1354 3098 1462 3150; x_wconf 73' lang='lat' dir='ltr'>nun-</span> 
     </span>
     <span class='ocr_line' id='line_1_26' title="bbox 107 3194 1457 3302; baseline -0.003 -28"><span class='ocrx_word' id='word_1_204' title='bbox 107 3223 218 3299; x_wconf 93' lang='lat' dir='ltr'>quam</span> <span class='ocrx_word' id='word_1_205' title='bbox 248 3199 428 3293; x_wconf 85' lang='lat' dir='ltr'>cessavit,</span> <span class='ocrx_word' id='word_1_206' title='bbox 452 3200 517 3276; x_wconf 89' lang='lat' dir='ltr'>sed</span> <span class='ocrx_word' id='word_1_207' title='bbox 536 3200 647 3275; x_wconf 83' lang='lat' dir='ltr'>iuxta</span> <span class='ocrx_word' id='word_1_208' title='bbox 673 3200 798 3302; x_wconf 88' lang='lat' dir='ltr'>ipsum</span> <span class='ocrx_word' id='word_1_209' title='bbox 818 3200 858 3275; x_wconf 92' lang='lat' dir='ltr'>in</span> <span class='ocrx_word' id='word_1_210' title='bbox 878 3199 957 3274; x_wconf 90' lang='lat' dir='ltr'>dies</span> <span class='ocrx_word' id='word_1_211' title='bbox 985 3198 1221 3300; x_wconf 88' lang='lat' dir='ltr'>percrebuit:</span> <span class='ocrx_word' id='word_1_212' title='bbox 1245 3194 1343 3272; x_wconf 90' lang='lat' dir='ltr'>unde</span> <span class='ocrx_word' id='word_1_213' title='bbox 1362 3219 1457 3296; x_wconf 82' lang='lat' dir='ltr'>ergo</span> 
     </span>
     <span class='ocr_line' id='line_1_27' title="bbox 108 3315 1457 3423; baseline -0.004 -27"><span class='ocrx_word' id='word_1_214' title='bbox 108 3320 232 3396; x_wconf 90' lang='lat' dir='ltr'>subita</span> <span class='ocrx_word' id='word_1_215' title='bbox 268 3325 311 3396; x_wconf 92' lang='lat' dir='ltr'>et</span> <span class='ocrx_word' id='word_1_216' title='bbox 337 3321 530 3423; x_wconf 87' lang='lat' dir='ltr'>insperata</span> <span class='ocrx_word' id='word_1_217' title='bbox 567 3319 756 3396; x_wconf 71' lang='lat' dir='ltr'>mutatio?</span> <span class='ocrx_word' id='word_1_218' title='bbox 790 3343 834 3397; x_wconf 91' lang='lat' dir='ltr'>eo</span> <span class='ocrx_word' id='word_1_219' title='bbox 862 3344 979 3420; x_wconf 92' lang='lat' dir='ltr'>usque</span> <span class='ocrx_word' id='word_1_220' title='bbox 1016 3322 1061 3394; x_wconf 92' lang='lat' dir='ltr'>ut</span> <span class='ocrx_word' id='word_1_221' title='bbox 1099 3317 1279 3420; x_wconf 87' lang='lat' dir='ltr'>specialia</span> <span class='ocrx_word' id='word_1_222' title='bbox 1311 3315 1457 3394; x_wconf 88' lang='lat' dir='ltr'>amoris</span> 
     </span>
     <span class='ocr_line' id='line_1_28' title="bbox 107 3437 1463 3543; baseline -0.001 -30"><span class='ocrx_word' id='word_1_223' title='bbox 107 3440 219 3541; x_wconf 83' lang='lat' dir='ltr'>signa</span> <span class='ocrx_word' id='word_1_224' title='bbox 253 3440 392 3516; x_wconf 91' lang='lat' dir='ltr'>marito</span> <span class='ocrx_word' id='word_1_225' title='bbox 421 3442 638 3543; x_wconf 81' lang='lat' dir='ltr'>praeberet,</span> <span class='ocrx_word' id='word_1_226' title='bbox 670 3439 798 3542; x_wconf 90' lang='lat' dir='ltr'>qualia</span> <span class='ocrx_word' id='word_1_227' title='bbox 835 3443 1040 3516; x_wconf 83' lang='lat' dir='ltr'>censentur</span> <span class='ocrx_word' id='word_1_228' title='bbox 1068 3439 1112 3515; x_wconf 90' lang='lat' dir='ltr'>ab</span> <span class='ocrx_word' id='word_1_229' title='bbox 1139 3437 1334 3529; x_wconf 89' lang='lat' dir='ltr'>omnibus,</span> <span class='ocrx_word' id='word_1_230' title='bbox 1367 3462 1463 3511; x_wconf 77' lang='lat' dir='ltr'>unc·-</span> 
     </span>
     <span class='ocr_line' id='line_1_29' title="bbox 100 3560 1451 3662; baseline -0.001 -28"><span class='ocrx_word' id='word_1_231' title='bbox 100 3562 273 3662; x_wconf 77' lang='lat' dir='ltr'>plarns,</span> <span class='ocrx_word' id='word_1_232' title='bbox 304 3562 460 3645; x_wconf 84' lang='lat' dir='ltr'>osculo,</span> <span class='ocrx_word' id='word_1_233' title='bbox 492 3564 834 3636; x_wconf 73' lang='lat' dir='ltr'>contrectationes?</span> <span class='ocrx_word' id='word_1_234' title='bbox 863 3560 922 3636; x_wconf 85' lang='lat' dir='ltr'>Ea</span> <span class='ocrx_word' id='word_1_235' title='bbox 950 3583 992 3635; x_wconf 89' lang='lat' dir='ltr'>eo</span> <span class='ocrx_word' id='word_1_236' title='bbox 1031 3563 1199 3660; x_wconf 88' lang='lat' dir='ltr'>tempore</span> <span class='ocrx_word' id='word_1_237' title='bbox 1227 3582 1277 3634; x_wconf 44' lang='lat' dir='ltr'>new</span> <span class='ocrx_word' id='word_1_238' title='bbox 1304 3567 1451 3632; x_wconf 80' lang='lat' dir='ltr'>toctnrn</span> 
     </span>
     <span class='ocr_line' id='line_1_30' title="bbox 107 3669 1461 3784; baseline -0.004 -27"><span class='ocrx_word' id='word_1_239' title='bbox 107 3689 263 3783; x_wconf 82' lang='lat' dir='ltr'>qrcidern</span> <span class='ocrx_word' id='word_1_240' title='bbox 292 3689 465 3784; x_wconf 73' lang='lat' dir='ltr'>corporis</span> <span class='ocrx_word' id='word_1_241' title='bbox 492 3688 558 3758; x_wconf 85' lang='lat' dir='ltr'>sni</span> <span class='ocrx_word' id='word_1_242' title='bbox 593 3680 730 3782; x_wconf 84' lang='lat' dir='ltr'>(nn&#39;lu&#39;)</span> <span class='ocrx_word' id='word_1_243' title='bbox 758 3680 904 3756; x_wconf 88' lang='lat' dir='ltr'>scilicet</span> <span class='ocrx_word' id='word_1_244' title='bbox 932 3680 1073 3755; x_wconf 86' lang='lat' dir='ltr'>marito</span> <span class='ocrx_word' id='word_1_245' title='bbox 1097 3684 1304 3782; x_wconf 70' lang='lat' dir='ltr'>perursit,</span> <span class='ocrx_word' id='word_1_246' title='bbox 1325 3669 1384 3752; x_wconf 47' lang='lat' dir='ltr'>&#39;et</span> <span class='ocrx_word' id='word_1_247' title='bbox 1412 3678 1461 3754; x_wconf 63' lang='lat' dir='ltr'>in,</span> 
     </span>
     <span class='ocr_line' id='line_1_31' title="bbox 107 3799 1455 3902; baseline -0.004 -24"><span class='ocrx_word' id='word_1_248' title='bbox 107 3803 238 3878; x_wconf 90' lang='lat' dir='ltr'>eodem</span> <span class='ocrx_word' id='word_1_249' title='bbox 264 3801 359 3895; x_wconf 89' lang='lat' dir='ltr'>loco,</span> <span class='ocrx_word' id='word_1_250' title='bbox 383 3801 460 3878; x_wconf 88' lang='lat' dir='ltr'>fere</span> <span class='ocrx_word' id='word_1_251' title='bbox 488 3800 616 3876; x_wconf 92' lang='lat' dir='ltr'>eodem</span> <span class='ocrx_word' id='word_1_252' title='bbox 637 3805 804 3902; x_wconf 88' lang='lat' dir='ltr'>tempore</span> <span class='ocrx_word' id='word_1_253' title='bbox 824 3800 914 3875; x_wconf 90' lang='lat' dir='ltr'>talis</span> <span class='ocrx_word' id='word_1_254' title='bbox 940 3799 1103 3875; x_wconf 88' lang='lat' dir='ltr'>mutatio</span> <span class='ocrx_word' id='word_1_255' title='bbox 1123 3823 1248 3876; x_wconf 91' lang='lat' dir='ltr'>rerum</span> <span class='ocrx_word' id='word_1_256' title='bbox 1269 3799 1455 3890; x_wconf 88' lang='lat' dir='ltr'>occurrit,</span> 
     </span>
     <span class='ocr_line' id='line_1_32' title="bbox 108 3919 1458 4026; baseline -0.004 -27"><span class='ocrx_word' id='word_1_257' title='bbox 108 3927 149 3999; x_wconf 92' lang='lat' dir='ltr'>ut</span> <span class='ocrx_word' id='word_1_258' title='bbox 177 3923 407 4026; x_wconf 87' lang='lat' dir='ltr'>completam</span> <span class='ocrx_word' id='word_1_259' title='bbox 435 3919 609 4023; x_wconf 91' lang='lat' dir='ltr'>copulam</span> <span class='ocrx_word' id='word_1_260' title='bbox 636 3919 892 3997; x_wconf 88' lang='lat' dir='ltr'>intervenisse</span> <span class='ocrx_word' id='word_1_261' title='bbox 912 3920 1017 3996; x_wconf 91' lang='lat' dir='ltr'>nobis</span> <span class='ocrx_word' id='word_1_262' title='bbox 1045 3921 1222 4022; x_wconf 90' lang='lat' dir='ltr'>praebeat</span> <span class='ocrx_word' id='word_1_263' title='bbox 1250 3945 1458 4021; x_wconf 81' lang='lat' dir='ltr'>argumen-</span> 
     </span>
     <span class='ocr_line' id='line_1_33' title="bbox 108 4029 1453 4144; baseline -0.001 -28"><span class='ocrx_word' id='word_1_264' title='bbox 108 4041 214 4118; x_wconf 67' lang='lat' dir='ltr'>tum?</span> <span class='ocrx_word' id='word_1_265' title='bbox 246 4042 373 4144; x_wconf 82' lang='lat' dir='ltr'>Negat</span> <span class='ocrx_word' id='word_1_266' title='bbox 401 4041 561 4119; x_wconf 86' lang='lat' dir='ltr'>Carolus</span> <span class='ocrx_word' id='word_1_267' title='bbox 599 4039 771 4142; x_wconf 87' lang='lat' dir='ltr'>quemvis</span> <span class='ocrx_word' id='word_1_268' title='bbox 807 4029 976 4134; x_wconf 85' lang='lat' dir='ltr'>tactum,</span> <span class='ocrx_word' id='word_1_269' title='bbox 998 4041 1056 4114; x_wconf 88' lang='lat' dir='ltr'>&#39;et</span> <span class='ocrx_word' id='word_1_270' title='bbox 1086 4043 1217 4142; x_wconf 92' lang='lat' dir='ltr'>postea</span> <span class='ocrx_word' id='word_1_271' title='bbox 1254 4039 1453 4115; x_wconf 90' lang='lat' dir='ltr'>immemor</span> 
     </span>
     <span class='ocr_line' id='line_1_34' title="bbox 109 4153 1455 4262; baseline 0.001 -27"><span class='ocrx_word' id='word_1_272' title='bbox 109 4184 195 4238; x_wconf 88' lang='lat' dir='ltr'>suae</span> <span class='ocrx_word' id='word_1_273' title='bbox 214 4160 477 4262; x_wconf 83' lang='lat' dir='ltr'>revelationis,</span> <span class='ocrx_word' id='word_1_274' title='bbox 503 4153 650 4243; x_wconf 81' lang='lat' dir='ltr'>osculo,</span> <span class='ocrx_word' id='word_1_275' title='bbox 674 4161 896 4262; x_wconf 69' lang='lat' dir='ltr'>coquemus,</span> <span class='ocrx_word' id='word_1_276' title='bbox 920 4167 1234 4236; x_wconf 71' lang='lat' dir='ltr'>contrectationes</span> <span class='ocrx_word' id='word_1_277' title='bbox 1253 4155 1455 4236; x_wconf 68' lang='lat' dir='ltr'>admittite</span> 
     </span>
     <span class='ocr_line' id='line_1_35' title="bbox 110 4281 1543 4383; baseline 0 -27"><span class='ocrx_word' id='word_1_278' title='bbox 110 4281 226 4382; x_wconf 71' lang='lat' dir='ltr'>Atqui</span> <span class='ocrx_word' id='word_1_279' title='bbox 256 4281 478 4383; x_wconf 60' lang='lat' dir='ltr'>direptarum</span> <span class='ocrx_word' id='word_1_280' title='bbox 513 4281 670 4364; x_wconf 81' lang='lat' dir='ltr'>osculo,</span> <span class='ocrx_word' id='word_1_281' title='bbox 711 4287 884 4383; x_wconf 74' lang='lat' dir='ltr'>corporis</span> <span class='ocrx_word' id='word_1_282' title='bbox 913 4289 1230 4357; x_wconf 78' lang='lat' dir='ltr'>contrectationes</span> <span class='ocrx_word' id='word_1_283' title='bbox 1258 4281 1348 4358; x_wconf 83' lang='lat' dir='ltr'>licet</span> <span class='ocrx_word' id='word_1_284' title='bbox 1377 4305 1456 4357; x_wconf 90' lang='lat' dir='ltr'>non</span> <span class='ocrx_word' id='word_1_285' title='bbox 1539 4302 1543 4310; x_wconf 87' lang='lat'>&#39;</span> 
     </span>
     <span class='ocr_line' id='line_1_36' title="bbox 111 4400 1455 4505; baseline 0.002 -30"><span class='ocrx_word' id='word_1_286' title='bbox 111 4401 321 4478; x_wconf 88' lang='lat' dir='ltr'>violentam</span> <span class='ocrx_word' id='word_1_287' title='bbox 348 4402 503 4505; x_wconf 89' lang='lat' dir='ltr'>copulae</span> <span class='ocrx_word' id='word_1_288' title='bbox 531 4401 782 4504; x_wconf 87' lang='lat' dir='ltr'>suspicionem</span> <span class='ocrx_word' id='word_1_289' title='bbox 811 4400 1009 4495; x_wconf 87' lang='lat' dir='ltr'>inducant,</span> <span class='ocrx_word' id='word_1_290' title='bbox 1041 4400 1210 4502; x_wconf 89' lang='lat' dir='ltr'>aliquam</span> <span class='ocrx_word' id='word_1_291' title='bbox 1236 4406 1366 4478; x_wconf 90' lang='lat' dir='ltr'>tamen</span> <span class='ocrx_word' id='word_1_292' title='bbox 1394 4402 1455 4478; x_wconf 89' lang='lat' dir='ltr'>in-</span> 
     </span>
     <span class='ocr_line' id='line_1_37' title="bbox 112 4521 1454 4626; baseline 0.002 -29"><span class='ocrx_word' id='word_1_293' title='bbox 112 4523 265 4602; x_wconf 87' lang='lat' dir='ltr'>sinuant</span> <span class='ocrx_word' id='word_1_294' title='bbox 294 4529 406 4626; x_wconf 88' lang='lat' dir='ltr'>atque</span> <span class='ocrx_word' id='word_1_295' title='bbox 435 4525 611 4601; x_wconf 88' lang='lat' dir='ltr'>suadent.</span> <span class='ocrx_word' id='word_1_296' title='bbox 644 4522 814 4626; x_wconf 86' lang='lat' dir='ltr'>Suspicio</span> <span class='ocrx_word' id='word_1_297' title='bbox 842 4529 969 4600; x_wconf 89' lang='lat' dir='ltr'>autem</span> <span class='ocrx_word' id='word_1_298' title='bbox 998 4521 1171 4600; x_wconf 91' lang='lat' dir='ltr'>violenta</span> <span class='ocrx_word' id='word_1_299' title='bbox 1197 4525 1393 4618; x_wconf 89' lang='lat' dir='ltr'>evaderet,</span> <span class='ocrx_word' id='word_1_300' title='bbox 1413 4527 1454 4600; x_wconf 88' lang='lat' dir='ltr'>et</span> 
     </span>
    </p>
   </div>
   <div class='ocr_carea' id='block_1_3' title="bbox 0 0 1842 5264">
    <p class='ocr_par' dir='ltr' id='par_1_4' title="bbox 0 0 1842 5264">
     <span class='ocr_line' id='line_1_38' title="bbox 0 0 1842 5264; baseline 0 0"><span class='ocrx_word' id='word_1_301' title='bbox 0 0 1842 5264; x_wconf 95' lang='lat' dir='ltr'> </span> 
     </span>
    </p>
   </div>
  </div>
 </body>
</html>
