3672 5216
255 515 258 522 ¹
307 557 383 693 [x
427 556 478 693 8.
516 554 731 692 conen.
777 551 1299 690 tlullttttittttttt

659 818 924 852 ...w-

135 1075 344 1133 nascerentur
367 1090 420 1144 uuo
443 1076 606 1133 conceditur
633 1076 802 1146 incutientia
826 1077 933 1132 centurn
958 1076 1063 1132 dierum
1092 1075 1276 1132 recitantibus
1298 1075 1476 1146 antiphonam
1613 1059 1614 1062 ¹

207 1165 315 1218 Sancte
333 1163 473 1217 Michael.
494 1204 501 1217 .
522 1205 528 1217 .
548 1204 555 1218 .

272 1419 491 1489 Beatissimo
514 1419 636 1489 Padre
979 1419 1197 1488 Beatissimo
1219 1420 1328 1488 Pater

199 1581 226 1649 ll
251 1581 290 1647 P.
309 1582 467 1668 Leprost
486 1580 687 1666 Superiore
703 1579 777 1650 del·
901 1584 1009 1651 Pater
1030 1583 1189 1669 Laprost
1212 1583 1390 1669 Superior
1407 1583 1478 1651 Ab

133 1688 323 1759 l’Abbazia
354 1691 390 1759 di
421 1689 603 1777 Pontigny
630 1689 774 1758 Diocesi
831 1688 951 1758 batiae
968 1709 989 1758 e
1006 1690 1188 1777 Pontigny
1212 1690 1400 1760 Dioecesis
1417 1690 1478 1759 Se·

132 1794 169 1862 di
192 1795 289 1865 Sens
313 1797 349 1864 in
378 1796 511 1882 Gallia,
529 1801 713 1883 prostrato
741 1797 777 1865 al
831 1797 1009 1865 nonensis
1036 1797 1072 1865 in
1099 1796 1230 1881 Gallia,
1256 1797 1479 1884 provolutus

131 1903 239 1972 bacio
273 1902 334 1972 del
361 1903 396 1972 S.
424 1903 535 1972 Piede
560 1903 716 1990 implora
741 1903 774 1988 la
831 1901 878 1970 ad
904 1902 1077 1971 osculum
1094 1902 1129 1971 S.
1147 1903 1278 1989 Panis,
1303 1903 1478 1990 implorat

130 2009 256 2098 grazia
270 2010 340 2078 che
351 2011 457 2080 siano
470 2009 655 2080 accordati
671 2015 776 2078 cento
830 2011 989 2097 gratiam
1024 2015 1065 2078 ut
1099 2011 1325 2080 concedatur
1356 2011 1479 2080 Indul-

130 2115 252 2202 giorni
267 2116 543 2206 d'indulgenza‚
558 2117 606 2186 da
620 2117 777 2186 lucrarsi
833 2117 954 2204 gentia
974 2121 1122 2185 centum
1145 2117 1302 2202 dierum,
1335 2116 1479 2186 lucran-

130 2242 206 2292 una
240 2223 338 2294 voltu
367 2224 402 2294 al
425 2226 555 2313 giorno
579 2225 627 2294 da
660 2225 777 2294 tottii
833 2224 881 2292 da
917 2224 1036 2292 semel
1065 2223 1101 2290 in
1134 2224 1192 2292 <lie
1221 2223 1270 2292 ab
1301 2225 1478 2292 omnibus

131 2329 242 2401 fedeli
273 2331 309 2399 d’
321 2331 435 2401 ambo
458 2333 469 2399 i
492 2332 586 2401 sessi
611 2332 681 2400 che
706 2349 777 2400 oon
831 2327 1005 2400 fidelibus
1027 2331 1221 2417 utriusque
1244 2349 1380 2416 sexus,
1413 2330 1477 2418 qui

129 2455 246 2506 cuore
281 2437 436 2506 contrito
474 2455 494 2506 e
525 2438 776 2508 divotamente
832 2438 946 2506 corde
962 2437 1117 2506 contrito
1134 2442 1244 2524 amna
1268 2437 1401 2506 devote
1425 2457 1479 2506 re

127 2545 363 2614 reciteranno
387 2544 409 2612 l'
421 2543 601 2614 antifona:
830 2544 1022 2614 citaverint
1046 2543 1307 2629 antiphonam:

227 2757 396 2826 «Sancte
419 2755 578 2826 Michnel
601 2755 846 2844 Archangele‚
860 2754 1018 2826 defende
1035 2776 1105 2826 nos
1122 2757 1157 2824 in
1175 2756 1325 2844 praelio
1345 2761 1476 2825 utnon

131 2880 341 2950 pereamus
363 2863 399 2930 in
424 2862 620 2952 tremendo
645 2863 825 2932 iudicio.»

218 3075 364 3145 SSmus
387 3077 428 3142 D.
445 3078 487 3144 N.
512 3077 588 3144 Leo
612 3077 677 3163 Pp.
695 3077 781 3145 ΧΙΙΙ
805 3077 841 3144 in
859 3076 1055 3146 Audientia
1073 3077 1196 3146 habita
1213 3076 1272 3145 die
1289 3079 1332 3146 19
1348 3079 1475 3165 Augu·

125 3183 172 3252 sti
197 3185 287 3252 1893
309 3183 358 3252 ab
381 3181 614 3269 infrascripto
639 3172 844 3254 Secretario
877 3183 913 3254 S.
938 3184 974 3252 C.
1000 3183 1241 3272 indulgentiis
1272 3185 1474 3274 Sacrisque

126 3287 307 3375 Reliquiis
335 3289 581 3375 praepositae,
607 3290 769 3378 benigne
802 3291 933 3360 annuit
959 3309 1028 3376 pro
1060 3292 1175 3377 gratia
1200 3293 1303 3360 iuxta
1328 3311 1470 3378 preces.

126 3396 318 3466 Praesenti
343 3395 381 3464 in
398 3403 625 3485 perpetuum
649 3397 809 3468 valituro
826 3399 970 3484 ubsque
988 3397 1061 3492 ulla
1079 3399 1208 3466 Brevis
1224 3401 1470 3486 expeditione.

127 3502 329 3596 Contrariis
357 3503 661 3590 quibuscumque
693 3505 1046 3573 nonobstantibus.
1083 3507 1219 3574 Datum
1249 3507 1396 3577 Romae
1426 3527 1477 3576 ex

126 3609 333 3680 secretana
360 3609 530 3679 eiusdem
555 3609 591 3679 S.
609 3611 914 3700 Congregationis
938 3612 996 3680 die
1022 3614 1063 3681 19
1087 3614 1251 3700 Augusti
1277 3615 1375 3682 1893.

435 3825 671 3896 ALOYSIUS
696 3825 807 3895 Canu.
833 3825 1062 3912 SERAFINL
1089 3825 1323 3916 Praefectus.

125 3915 164 3982 L.
191 3923 228 3994 ᾖ
256 3916 291 3985 S.

485 4022 760 4104 staturarum
785 4025 961 4092 Aacmur.
986 4026 1195 4094 Nmoromr.
1224 4024 1470 4094 Secretarius.

563 4367 1044 4443 mmmmvwm
