3672 5216
367 473 578 552 onunus
607 475 865 597 nrruouuu
893 477 933 556 s.
966 479 1245 560 ruuuorscr
1282 560 1285 566 .

430 689 737 744 DISPENSATIONIS
765 693 816 744 AB
844 693 1187 746 IRREGULARITATE

303 900 360 958 ute
388 898 429 957 15
452 903 537 960 Iulii
562 903 661 962 1893.

1077 985 1285 1047 Persummcria
1297 1011 1413 1058 precum.

217 1113 476 1192 Cournn'uruu
506 1142 633 1196 rucrr.
666 1119 846 1196 Sacerdos
874 1117 1094 1222 Alphousus
1126 1141 1146 1193 c
1175 1115 1307 1193 Serino
1335 1114 1478 1191 ordinis
1535 1201 1540 1214 Ι
1631 1101 1634 1108 ’

136 1235 331 1311 Minorum
361 1235 399 1312 S.
432 1237 627 1315 Francisci
667 1240 808 1316 litteris
835 1239 934 1314 datis
962 1239 1021 1313 die
1048 1240 1075 1315 4
1104 1236 1198 1314 Maii
1227 1237 1340 1312 huius
1369 1237 1476 1328 anni,

134 1356 305 1456 supremi
334 1357 524 1460 Pripcipis
552 1360 829 1462 benignitatem
857 1358 1056 1434 humiliter
1082 1356 1329 1467 deprecatus,
1365 1377 1482 1458 expo-

136 1477 274 1553 nebat:
308 1495 388 1552 sese
423 1478 703 1581 dispensatione
732 1479 939 1584 apostolica
973 1481 1048 1554 iam
1076 1477 1286 1580 indiguisse
1323 1478 1367 1552 ob
1400 1500 1482 1552 am·

137 1597 376 1698 putat-ionem
404 1597 516 1699 digiti
551 1599 662 1675 medii
691 1604 730 1675 et
763 1599 897 1676 indicis
932 1599 1111 1675 sinistrae
1141 1623 1276 1672 uranus
1305 1621 1476 1700 passa1u;

140 1742 242 1792 nunc
270 1740 384 1809 vero,
424 1743 539 1819 quum
577 1719 725 1823 pollicis
758 1715 1060 1824 amputationein
1098 1717 1264 1796 eiusdem
1302 1718 1480 1794 sinistrae

139 1862 277 1914 manus
307 1839 534 1941 sitpassus
566 1866 767 1944 exposcere
796 1865 934 1918 novam
962 1841 1298 1944 dispensationem,
1321 1843 1364 1915 ut
1389 1828 1481 1916 mis-

140 1983 223 2033 sam
254 1959 369 2035 litare
382 2015 384 2018 -
398 1959 541 2037 valeat.

521 2149 808 2235 Disceptatio
849 2149 1101 2235 synantica

221 2309 278 2385 De
306 2308 608 2411 irregularitatis
637 2311 844 2386 existentia
880 2311 1031 2388 nullum
1060 2312 1213 2388 dubium
1247 2318 1290 2387 ut
1318 2339 1366 2388 ex
1396 2339 1481 2414 cup.

140 2433 214 2505 ab.
238 2429 297 2504 De
325 2457 482 2532 corpore
512 2438 669 2515 t‘t'lr'ttlt'S,
691 2459 776 2534 turp).
808 2432 836 2506 2
858 2431 913 2506 De
932 2433 1065 2506 clerico
1095 2447 1242 2534 dt’fflrrrl.
1273 2439 1311 2510 et
1332 2460 1380 2510 ex
1401 2434 1486 2537 plu-

142 2553 247 2628 ribus
278 2552 317 2626 S.
351 2550 396 2629 O.
430 2550 475 2628 O.
507 2551 757 2628 decisionibus
787 2555 906 2653 patet.
940 2544 1038 2632 Ouin
1067 2558 1195 2629 tamen
1223 2555 1268 2628 de
1296 2555 1371 2631 iam
1400 2579 1487 2657 pro-

143 2679 246 2750 moto
275 2673 337 2748 hic
367 2677 519 2774 agatur,
549 2697 641 2774 erga
668 2697 759 2774 quos
788 2674 827 2748 S.
861 2673 907 2750 d.
939 2674 1074 2749 maiori
1103 2673 1142 2750 iu
1172 2675 1358 2752 similibus
1386 2677 1485 2751 casi-

141 2797 221 2870 bus·
247 2793 490 2895 indulgentia
527 2793 585 2869 uti
621 2793 738 2886 solet,
781 2818 827 2868 ne
869 2797 932 2894 qui
968 2794 1043 2870 iarn
1072 2801 1163 2872 sunt
1201 2795 1412 2872 sacerdotes
1443 2798 1486 2873 ob
1541 2773 1551 2798 ”

141 2918 418 3018 superventum
449 2914 699 3018 infortunium
730 2917 752 2988 a
780 2928 1021 2990 sacrosancto
1049 2917 1187 2992 missae
1215 2917 1400 2992 sacrificio
1427 2942 1489 2993 cc-

145 3035 322 3114 lebrando
350 3042 531 3138 perpetuo
559 3036 748 3140 abstinere
777 3041 979 3138 cogantur,
1002 3041 1041 3112 et
1061 3037 1149 3114 hinc
1170 3038 1350 3114 maiorem
1370 3019 1500 3115 etiam

142 3157 386 3234 afflictionem
418 3158 458 3232 iu
487 3177 566 3232 suo
583 3156 703 3256 gradu
732 3158 964 3247 sustineant,
996 3184 1108 3258 quam
1137 3159 1197 3235 illi
1225 3160 1289 3260 qui
1319 3159 1400 3261 pari
1429 3159 1490 3234 in-

144 3276 316 3354 fortunio
344 3277 389 3352 ad
418 3267 544 3352 sacros
573 3276 723 3352 ordinas
743 3278 957 3379 promoveri
978 3277 1239 3380 probibentur,
1263 3303 1390 3380 preces
1413 3303 1488 3354 non

143 3399 301 3474 omuino
315 3399 544 3500 spernendae
565 3395 760 3475 videntur.
783 3399 890 3486 Quod
911 3399 942 3474 si
964 3399 1176 3474 huiusmodi
1196 3399 1489 3500 dispensationis
1553 3431 1557 3441 ·

145 3519 378 3620 presbyteris
394 3518 565 3595 indultae
579 3519 753 3621 exempla
769 3519 1089 3614 adducendasint,
1103 3544 1192 3623 prae
1208 3519 1294 3596 aliis
1310 3543 1491 3621 uonpau-

146 3639 200 3714 cis
218 3639 338 3714 etiam
359 3625 537 3743 graviora
556 3639 685 3714 afferri
703 3643 863 3741 possunt
883 3665 931 3714 ex
951 3639 1146 3715 Mutinen.
1169 3639 1225 3714 ar
1245 3638 1349 3713 blau
1366 3637 1484 3718 17:34.

147 3758 186 3835 in
213 3785 288 3860 qua
314 3758 591 3860 benignitatem
620 3759 659 3836 S.
683 3759 798 3866 010·
821 3764 1001 3862 expertus
1021 3771 1079 3835 est.
1108 3760 1294 3852 sacerdos
1327 3760 1391 3860 qui
1412 3763 1491 3834 tres

147 3881 288 3982 digitos
318 3881 490 3982 pollicem
519 3880 665 3957 scilicet
693 3881 854 3957 indicem
884 3888 922 3955 et
952 3881 1115 3956 medium
1144 3880 1341 3972 amiserat,
1377 3884 1493 3954 etex

149 4003 367 4079 Geruntiua
391 4001 447 4081 26
474 4001 624 4105 slprr'b's
646 4002 764 4085 1788,
800 4002 839 4076 in
869 4027 942 4102 qua
970 4002 1199 4078 oboratoris
1229 4003 1493 4104 paupertatem

148 4131 277 4202 vestro
297 4125 461 4228 propitio
482 4125 665 4226 rescripto
683 4122 845 4198 donatus
863 4133 923 4198 est
943 4122 1115 4198 sacerdos
1132 4122 1339 4216 Caietanus
1360 4119 1490 4212 Falto,

150 4248 213 4348 qui
240 4248 383 4349 digitos
413 4246 612 4321 universos
641 4243 773 4319 laevae
801 4269 936 4320 manus
965 4243 1195 4345 perdiderat.

232 4369 287 4446 Ut
314 4366 360 4442 de
388 4391 502 4441 causa
535 4364 686 4440 tandem
719 4363 759 4438 in
797 4361 1012 4438 huiusmodi
1050 4360 1395 4464 dispensationibus
1436 4386 1494 4435 re-

153 4489 290 4588 quisita
319 4487 466 4588 loquar,
497 4511 542 4560 ea
569 4487 719 4586 prraesto
747 4507 828 4558 esse
848 4483 1001 4559 videtur
1030 4484 1068 4559 in
1095 4483 1275 4586 ecclesiae
1304 4479 1490 4556 utilitate.

154 4605 338 4710 Siquidem
371 4606 708 4709 Viae-procurator
729 4603 916 4705 generalis
935 4603 1102 4680 eiusdem
1127 4601 1282 4684 Ordinis
1311 4601 1351 4676 S.
1375 4601 1495 4676 Fran-
