3674 5262
653 285 694 330 ex
717 285 743 331 s.
768 286 797 330 c.
822 286 944 337 nrruuu
1433 273 1473 336 53

121 385 244 454 bitum
269 383 344 454 luit.
370 385 555 456 Sanctitas
578 404 669 455 vero
694 385 770 456 Sua
794 385 885 456 illud
909 387 946 456 in
979 387 1158 457 omnibus
1187 391 1400 477 approbare
1424 389 1475 458 di-

121 497 235 580 gnata
261 497 328 578 est
346 491 581 580 benigneque
596 493 756 578 indulsit,
776 499 815 562 ut
830 495 982 562 Festum
999 494 1117 582 ipsius
1134 495 1292 565 Sanctae
1308 496 1473 566 Famliae

119 618 211 669 cum
238 598 369 668 Officio
392 618 438 668 ac
461 600 576 668 Missa
600 601 760 688 propriis
784 621 805 669 a
829 600 985 688 singulis
1010 602 1214 672 Sacrorum
1238 603 1472 671 Antistitibus

122 727 192 794 pro
218 707 327 778 Clero
350 707 419 775 sibi
443 707 672 776 commissae
695 707 928 796 Dioeceseos
946 711 1058 796 atque
1076 728 1098 778 a
1115 709 1296 798 religiosis
1313 710 1471 798 Congre-

121 815 341 904 gationibus
364 815 586 902 petentibus
611 814 685 882 sub
715 813 786 881 ritu
817 814 981 901 Duplicis
1009 815 1162 884 maioris
1189 816 1383 894 Dominioa
1414 816 1473 883 Ill.

122 927 210 1009 post
233 921 484 1009 Epiphaniam
509 921 621 990 recoli
645 920 785 992 valeat:
810 919 998 1008 simulque
1022 922 1224 1009 mandavit,
1249 929 1290 992 ut
1321 925 1356 991 in
1381 922 1473 992 locis
1536 916 1540 926 '

122 1029 187 1098 ubi
212 1028 290 1096 huc
314 1045 436 1115 usque
460 1027 613 1097 Festum
638 1027 796 1096 Sanctae
821 1027 995 1097 Familiae
1030 1029 1258 1100 celebratum
1294 1033 1358 1116 est,
1383 1028 1473 1099 illud

119 1132 315 1221 praelatae
339 1133 554 1204 Dominicae
579 1134 626 1201 lll
650 1139 735 1220 post
757 1135 1006 1222 Epiphaniam
1030 1133 1225 1226 alligatur,
1251 1155 1472 1224 novumque

120 1240 301 1310 Officium
324 1260 412 1310 cum
436 1241 553 1312 Missa
576 1241 728 1328 antiquo
753 1241 789 1309 in
813 1223 1007 1328 posterum
1031 1243 1289 1312 substituatur:
1315 1243 1473 1312 servatis

122 1349 312 1420 Rubricis.
337 1349 538 1419 Contrariis
563 1367 638 1417 non
663 1348 898 1418 obstantibus
921 1349 1235 1438 quibuscumque.
1261 1350 1326 1420 Die
1351 1351 1393 1418 ll
1418 1349 1473 1420 Iu·

122 1457 173 1525 nii
200 1457 300 1526 1893.

409 1614 446 1684 C.
472 1615 583 1684 Cano.
608 1613 1018 1684 ALOISI-MASELLA
1041 1615 1077 1684 S.
1104 1617 1146 1684 R.
1173 1616 1208 1685 C.
1234 1615 1472 1705 Praefectus.

121 1705 162 1772 L·
194 1711 232 1782 ᾖ
261 1704 298 1772 S·
390 1751 401 1769 ι
664 1792 1291 1864 V1ucuur1usNuss1Secretarius.

575 1953 1024 2022 Animadversiones

217 2097 249 2162 l.
274 2096 424 2164 Novum
449 2093 496 2164 de
520 2095 655 2166 Sancta
680 2096 704 2162 l.
730 2097 777 2163 M.
795 2101 831 2165 et
847 2096 872 2163 Ι.
897 2095 1050 2166 Familia
1066 2095 1232 2165 officium
1249 2113 1338 2164 cum
1358 2095 1473 2164 Misso

113 2203 394 2274 concinnatum
420 2207 455 2270 et
477 2203 729 2290 approbatum
754 2207 819 2272 est.

216 2311 251 2377 2.
276 2307 449 2378 Officium
473 2308 571 2378 istud
597 2329 672 2378 non
696 2314 752 2378 est
775 2310 1081 2408 praeceptivum,
1098 2311 1165 2378 sed
1190 2308 1233 2378 iis
1256 2308 1474 2380 conceditur

123 2418 383 2502 Dioecesibus‚
407 2418 665 2506 religiosisque
689 2419 866 2505 FamiliiS,
892 2438 961 2506 pro
996 2419 1133 2508 quibus
1168 2420 1341 2507 Episcopi
1377 2419 1476 2487 Ordi-

122 2525 231 2610 narii,
260 2525 319 2594 vel
343 2515 557 2612 Praepositi,
583 2526 718 2596 illude
743 2527 778 2596 S.
804 2529 847 2608 R.
873 2527 1169 2616 Congregatione
1185 2511 1478 2614 postulaverinti

124 2634 176 2702 uti
203 2634 326 2702 Emus
349 2632 521 2704 Vicarius
545 2633 620 2704 iam
644 2634 744 2722 petiit
759 2652 829 2721 pro
847 2635 949 2704 Urbe
964 2651 1009 2704 ec
1025 2635 1284 2704 suburbicaria
1308 2633 1475 2702 Dioecesi

123 2739 345 2826 albanensi,
371 2739 416 2808 illi
442 2741 657 2810 commissa.

216 2849 251 2916 3.
276 2847 411 2934 Utpote
435 2847 651 2918 Dominicae
674 2847 834 2918 affixum
869 2853 904 2918 et
934 2866 1010 2916 non
1042 2847 1277 2933 universale,
1302 2846 1475 2953 Officium

122 2953 172 3023 de
198 2953 339 3022 Sancta
363 2955 514 3024 Familia
539 2955 619 3024 iure
644 2955 892 3025 translationis
915 2973 982 3043 per
1006 2973 1048 3024 se
1071 2955 1292 3025 destituitur.
1315 2953 1409 3023 Cum
1426 2952 1476 3020 ni-

121 3061 334 3131 hilominus
359 3062 561 3132 nonnullae
576 3063 776 3132 Dioeceses
793 3061 913 3131 officia
931 3062 1133 3130 Dominicis
1151 3061 1210 3130 vel
1226 3061 1341 3132 Feriis
1358 3059 1475 3130 affixa

121 3167 377 3240 transterendi
399 3167 634 3258 privilegium
658 3169 694 3237 in
718 3186 857 3257 genere
880 3167 1106 3255 possideant,
1133 3168 1220 3236 hinc
1240 3173 1276 3236 et
1291 3167 1345 3235 IX
1368 3166 1473 3238 lectio

124 3275 248 3362 posita
274 3279 340 3360 est,
366 3293 464 3361 quae
481 3273 672 3344 Homiliae
696 3274 911 3344 Dominicae
936 3273 1152 3360 subicietur,
1168 3275 1199 3343 si
1217 3272 1473 3344 transferatur.
1498 3271 1502 3278 ⁴

122 3381 230 3452 ldem
256 3380 507 3452 translationis
530 3381 777 3470 privilegium,
795 3381 825 3450 si
842 3381 997 3468 petitum
1022 3381 1178 3450 obtineri
1202 3379 1307 3452 facile
1330 3380 1473 3467 poterit.

216 3489 251 3556 4.
277 3489 429 3557 Festum
453 3487 669 3558 huiusmodi
692 3488 960 3557 secundarium
985 3493 1050 3572 est,
1076 3492 1116 3556 ut
1141 3492 1216 3556 tarn
1241 3488 1277 3554 in
1303 3486 1473 3556 Occursu

123 3615 246 3684 ouum
271 3597 308 3663 in
332 3594 537 3682 Concursu,
562 3595 696 3665 cedere
720 3595 855 3664 debeat
876 3593 970 3663 festo
987 3593 1045 3663 alii
1062 3594 1239 3682 primario
1263 3592 1476 3682 personalis

124 3703 316 3793 dignitatis
339 3701 530 3790 inferioris,
556 3703 587 3772 si
611 3704 724 3774 ambo
749 3703 919 3772 eiusdem
945 3701 1047 3790 ritus,
1072 3701 1177 3772 iuxta
1201 3701 1385 3780 Generale
1409 3702 1477 3770 De·

119 3819 278 3882 cretum
301 3811 336 3880 d.
361 3811 397 3880 d.
420 3814 464 3879 27
490 3810 554 3880 lul.
580 3813 678 3880 1893.

219 3923 253 3988 5.
278 3921 390 3988 Anno
415 3919 589 4006 proximo
614 3919 711 4004 1893,
735 3917 928 3986 Dominica
954 3917 1001 3984 lll
1025 3919 1110 4002 post
1125 3914 1372 4002 Epiphaniam
1389 3913 1474 3981 inci-

122 4024 181 4094 dit
203 4023 242 4091 in
267 4021 604 4110 Septuagesimam.
635 4019 693 4090 Uti
728 4038 795 4108 per
830 4019 1088 4107 evulgandum
1118 4018 1316 4087 Decretum
1349 4016 1474 4104 palam
1568 4091 1573 4102 ⁸

126 4129 202 4216 fiet,
229 4126 395 4217 praelata
420 4127 612 4196 Dominica
629 4145 697 4214 pro
715 4127 785 4196 hac
802 4130 947 4196 tantum
965 4125 1056 4214 vice,
1074 4126 1250 4212 quamvis
1274 4123 1365 4192 testo
1383 4123 1418 4192 S.
1436 4123 1474 4190 F.

126 4235 348 4326 praevaleat
369 4253 438 4323 per
461 4253 518 4322 se,
544 4234 785 4304 nihilominus
810 4232 857 4302 ad
883 4233 993 4302 ritum
1028 4232 1236 4326 simplicem
1273 4229 1475 4318 redigetur,

128 4364 177 4413 ne
204 4343 262 4412 vel
287 4343 435 4430 penitus
458 4342 656 4428 omittatur,
674 4341 733 4410 vel
756 4341 855 4410 idem
879 4339 1026 4429 festum,
1052 4340 1173 4427 primo
1192 4338 1461 4409 celebrandum
1546 4431 1550 4439 ¹

127 4451 414 4524 hanslationem
436 4451 612 4538 patiatur
632 4452 735 4520 Haec
758 4450 832 4520 sint
854 4452 954 4520 satis.

604 4628 1005 4650 WWWV
