3674 5264
711 263 875 310 annavnrx
897 263 918 307 1.
1451 242 1490 304 67

146 364 346 450 parationem
372 363 449 447 tori,
475 375 507 428 et
532 373 604 449 post
629 363 813 428 clanculum
831 363 982 427 observet
1001 363 1107 447 legem
1125 359 1195 442 Dei,
1214 360 1291 424 licet
1307 359 1339 424 in
1357 377 1393 424 ea
1409 359 1491 425 edu·

72 543 80 560 ⁸
144 490 218 536 care
243 481 387 556 nequeat
411 469 559 556 proprios
585 468 677 534 lilios.

233 577 412 643 Difficultas
436 575 571 640 maxima
595 575 677 640 circa
702 573 845 661 primum
869 574 1051 658 quaesitum
1069 587 1129 652 est,
1149 575 1222 659 quia
1246 573 1411 657 venditor,
1430 575 1490 640 nisi

145 703 343 768 recuperare
365 693 476 768 potest
502 681 678 768 legitimam
703 699 857 762 uxorem,
882 699 947 745 non
972 682 1042 745 vult
1067 681 1231 748 dimittere
1257 679 1363 746 aliam.

235 790 325 854 llirca
349 788 533 854 secundum
560 785 756 871 quaesitum,
788 788 918 852 obtenta
945 787 1004 850 tori
1031 779 1246 874 separatione,
1272 807 1311 856 an
1333 807 1397 852 non
1422 786 1493 853 inli-

141 895 228 961 delis
254 894 376 981 poterit
400 903 526 958 mutare
551 891 749 958 consilium?
780 892 885 960 Posito
918 893 1015 956 etiam
1047 894 1133 978 qood
1158 913 1223 958 non
1252 903 1357 958 mutet
1389 894 1490 959 consi·

144 1002 241 1082 lium,
261 1000 426 1086 quomodo
453 999 592 1083 reparari
618 999 739 1085 poterit
763 995 979 1063 scandalunt
1003 1000 1189 1064 Credentne
1214 998 1363 1064 infideles
1386 1017 1491 1084 aeque
1533 1007 1536 1012 '

144 1127 181 1172 ac
206 1107 384 1188 christiani,
410 1107 497 1190 quod
530 1104 616 1170 inter
649 1103 836 1170 huiusmodi
869 1103 999 1170 lic-titios
1030 1106 1185 1189 coniuges
1214 1105 1295 1170 adsit
1326 1104 1492 1188 praedicta

147 1213 209 1279 tori
235 1211 422 1299 separatio?
792 1225 795 1231 '

237 1327 276 1387 ll.
302 1320 349 1386 hd
382 1325 411 1386 l.
438 1323 529 1384 luxta
563 1339 598 1384 ea
631 1337 713 1404 quae
742 1329 984 1404 proponuntur,
1016 1320 1165 1406 negative
1199 1319 1304 1403 quoad
1332 1315 1493 1382 revalida-

148 1429 272 1493 tionem
298 1426 506 1507 matrimonii,
535 1426 670 1490 etitem
702 1425 808 1509 quoad
838 1426 1010 1512 baptisma,
1044 1423 1104 1490 nisi
1135 1427 1173 1492 ab
1204 1424 1388 1492 adulterino
1420 1442 1493 1488 con-

145 1533 260 1598 cubitu
298 1532 449 1597 desistat:
483 1531 667 1598 monendus
699 1531 830 1597 interim
862 1533 924 1596 erit
954 1533 996 1598 de
1027 1531 1237 1616 obligatione,
1268 1549 1365 1617 quam
1398 1529 1493 1596 habet

146 1639 346 1722 redimendi,
367 1639 392 1704 si
417 1638 530 1724 possit,
558 1650 590 1703 et
615 1657 688 1704 cum
715 1639 857 1725 primum
881 1638 1014 1722 poterit,
1041 1639 1205 1703 venditam
1230 1657 1378 1704 uxorem.

237 1745 284 1812 hd
303 1750 334 1812 2.
355 1745 541 1812 Praehabita
565 1745 769 1834 separatione
785 1745 847 1810 tori
864 1743 902 1808 ab
920 1734 1093 1830 illegitimo
1111 1743 1263 1830 coniuge,
1282 1745 1490 1830 affirmative,

147 1853 326 1944 dummodo
350 1871 385 1917 se
409 1851 565 1918 abstineat
599 1851 695 1916 etiam
725 1851 763 1915 ab
794 1853 883 1917 omni
915 1863 987 1917 actu
1020 1851 1221 1918 idololatriae
1246 1862 1278 1916 et
1303 1853 1493 1918 christianae

146 1960 224 2027 fidei
250 1958 498 2044 quomodolibet
523 1958 673 2022 adverso.
701 1959 790 2034 Quod
816 1959 841 2022 si
867 1958 976 2023 videat
1000 1959 1032 2023 in
1057 1958 1147 2043 praxi
1178 1959 1209 2025 id
1241 1969 1404 2044 praestare
1428 1977 1493 2023 non

145 2089 256 2156 posse,
284 2077 317 2133 ct
340 2068 527 2154 proximum
553 2066 635 2132 adsit
659 2065 845 2152 periculum
882 2063 1028 2150 relapsus
1060 2065 1111 2128 vel
1140 2065 1295 2146 scandali,
1322 2075 1495 2129 moneatur

146 2177 188 2241 de
212 2173 424 2259 obligatione,
451 2191 547 2256 quam
574 2161 683 2254 habet,
709 2171 918 2256 conlugiendi
937 2171 975 2235 ad
993 2171 1067 2235 alias
1083 2170 1233 2255 regiones
1250 2189 1324 2234 cum
1349 2169 1493 2255 primum

146 2279 287 2366 poterit,
321 2288 353 2342 et
385 2278 548 2344 redeundi
579 2277 618 2342 ad
654 2297 747 2343 suum
781 2277 967 2363 legitimum
1003 2276 1175 2360 coniugem
1212 2277 1299 2342 iuxta
1335 2277 1493 2342 adnexam

149 2386 416 2452 instructionem.

237 2497 439 2558 lnsraucrro.
458 2529 503 2540 -
525 2493 639 2558 Merito
664 2491 852 2558 dubitantes
877 2512 915 2558 en
940 2509 1003 2556 non
1037 2489 1219 2554 timendum
1244 2489 1286 2553 sit
1310 2507 1350 2553 ne
1374 2489 1494 2580 mulier

147 2598 280 2665 vendita
293 2597 446 2683 quamdiu
464 2598 648 2664 versabitur
665 2600 696 2664 in
715 2608 875 2686 potestate
892 2597 1061 2684 emptoris,
1077 2596 1185 2682 quiea
1203 2597 1360 2661 hactenus
1377 2595 1493 2660 abusus

133 2717 215 2788 est,
243 2706 275 2771 in
299 2706 468 2792 proposito
491 2723 557 2770 non
581 2717 772 2792 perseveret
797 2704 978 2770 abstinendi
1008 2723 1082 2770 cum
1108 2725 1123 2768 a
1149 2701 1266 2768 carnali
1297 2701 1493 2768 commercio

146 2822 217 2878 tum
243 2811 282 2876 ab
307 2811 395 2876 omni
421 2831 520 2897 opere
546 2814 597 2877 vel
622 2831 771 2876 sermone
797 2811 1011 2877 idololatriam
1035 2810 1240 2896 exprimente
1265 2810 1317 2874 vel
1346 2807 1494 2893 quolibet

147 2919 243 2985 modo
268 2917 460 2984 christianae
486 2918 561 2984 lidei
587 2919 749 3005 opposito,
775 2939 810 2983 ac
835 2919 971 3004 proinde
1000 2917 1038 2984 ad
1064 2928 1182 2982 statum
1209 2913 1410 2982 infidelitatis
1443 2933 1494 2979 re·

145 3025 296 3108 labatur;
331 3024 403 3090 Emi
434 3029 496 3092 llll.
524 3031 562 3090 Α.
589 3031 674 3092 Tuae
707 3026 936 3090 commendant
968 3035 1003 3090 ut
1032 3035 1203 3109 antequam
1236 3023 1387 3088 venditae
1419 3022 1494 3088 huic

147 3130 278 3198 mulieri
303 3131 444 3216 petitum
463 3131 501 3196 ab
518 3151 554 3196 ea
572 3132 767 3217 baptismum
784 3132 943 3214 conlevat,
963 3151 1092 3196 omnem
1108 3149 1202 3196 suum
1221 3131 1328 3194 zelum
1345 3128 1494 3194 adhibeat

143 3239 185 3305 ad
209 3239 364 3304 tentanda
388 3239 496 3305 media
521 3249 717 3324 opportuna,
736 3257 796 3322 per
824 3257 906 3324 quae
926 3243 1032 3323 'prout
1063 3238 1147 3302 lerre
1168 3247 1324 3322 poterunt
1348 3236 1495 3330 locorum

143 3344 422 3428 circumstantiae,
454 3345 574 3410 mulier
605 3345 659 3410 illa
692 3343 809 3410 redimi
839 3355 949 3430 queat,
975 3345 1044 3410 sive
1077 3343 1258 3428 legitimum
1291 3342 1390 3428 ipsius
1418 3360 1494 3407 con·

147 3461 285 3532 sortem,
311 3451 366 3535 qui
393 3450 520 3537 etipse
545 3449 751 3516 christianam
777 3451 866 3537 cupit
889 3450 1041 3537 amplecti
1065 3449 1274 3535 religionem,
1293 3447 1494 3514 exhortando
1556 3489 1560 3502 ·

146 3561 185 3626 ad
213 3559 244 3625 id
270 3559 516 3645 praestandum,
542 3559 610 3625 sive
635 3558 697 3624 alio
721 3561 835 3644 quovis
859 3559 971 3643 modo,
997 3558 1065 3624 sive
1090 3558 1241 3623 venditae
1267 3555 1398 3622 mulieri
1424 3556 1497 3621 insi-

147 3667 293 3748 nuando,
318 3675 355 3730 ut
379 3684 491 3731 omnes
515 3665 655 3751 inquirat
679 3663 743 3729 vias
768 3665 916 3731 tentandi
942 3665 1050 3749 lugam
1067 3685 1082 3727 a
1100 3664 1195 3730 domo
1221 3661 1378 3750 emptoris
1395 3681 1494 3746 quan·

148 3771 337 3855 documque
360 3771 490 3856 poterit.
516 3771 547 3837 Si
573 3781 814 3855 antemnaque
840 3771 888 3836 his
913 3790 1020 3855 neque
1045 3769 1114 3834 aliis
1138 3769 1330 3854 quibusdam
1355 3768 1493 3834 modise

149 3877 299 3944 manibus
316 3877 473 3962 emptoris
492 3877 620 3942 liberari
639 3889 736 3962 queat
754 3877 811 3941 ista
829 3877 962 3960 mulier,
982 3889 1073 3942 tuum
1100 3877 1161 3941 erit
1186 3876 1368 3941 examinare
1385 3886 1495 3942 utrum

127 4009 129 4016 ⁴
150 3982 240 4049 firma
265 3982 417 4070 persistat
438 3983 469 4048 in
494 3981 659 4070 proposito
676 3983 777 4049 fidem
795 3983 999 4048 christianam
1016 3983 1235 4069 amplectendi
1252 3993 1284 4048 et
1301 3981 1496 4068 baptismum

148 4088 350 4176 suscipiendi
366 4111 376 4174 ς
402 4102 498 4174 atque
516 4087 548 4154 in
565 4088 676 4175 primis
693 4107 731 4152 an
749 4098 898 4174 prompta
915 4089 955 4152 sit
972 4088 1010 4153 ad
1029 4087 1238 4153 reiiciendam
1254 4090 1494 4176 quamcumque

150 4195 356 4262 inhonestam
381 4195 535 4283 emptoris
566 4193 804 4277 invitationem,
831 4205 864 4258 ct
895 4213 991 4258 omne
1017 4213 1090 4259 cum
1116 4212 1153 4258 eo
1179 4192 1304 4259 carnale
1335 4209 1494 4257 commer-

148 4301 248 4386 cium,
276 4313 310 4366 et
334 4301 372 4368 ad
396 4302 653 4368 renunciandum
685 4299 820 4366 cuilibet
852 4300 935 4365 actui
968 4300 1019 4365 vel
1051 4298 1266 4381 idololatriae,
1296 4301 1349 4364 vel
1382 4299 1494 4384 quavis

149 4406 207 4471 alia
225 4407 353 4472 ratione
377 4407 569 4473 christianae
595 4406 746 4491 religioni
772 4407 952 4471 contrario:
980 4405 1006 4470 si
1030 4405 1187 4472 stantibus
1204 4405 1320 4470 iisdem
1338 4404 1494 4469 localibus

148 4513 414 4597 circumstantiis,
439 4518 476 4581 lt.
499 4519 563 4580 Tua
596 4531 689 4600 spem
721 4533 755 4578 ac
787 4513 994 4578 securitatem
1025 4511 1190 4577 moraliter
1222 4522 1343 4576 certam
1373 4511 1494 4576 habere
