3636 5232
250 265 253 274 ⁴
335 239 392 301 luo
824 253 979 298 rrrsroua
1002 254 1182 298 1111161161

333 355 467 441 tatulis,
492 372 537 424 ac
561 354 738 441 deinceps
761 353 922 441 assidue,
947 353 1055 423 tacita
1071 355 1255 440 suavique
1270 355 1581 440 contemplatione
1598 375 1680 424 ver-

336 467 476 531 sentur.
500 461 685 530 Videmus
704 478 772 548 per
789 480 832 530 ea
850 461 1046 547 Christum,
1072 465 1265 532 auctorem
1281 466 1318 531 et
1332 465 1678 532 consummatorem

334 567 438 638 Fidei
451 573 613 655 nostrae,
631 565 793 656 coepisse
802 566 935 656 fucere
951 571 987 636 et
1003 566 1136 636 docere
1143 589 1160 654 ;
1184 574 1233 656 ut,
1251 589 1349 658 quae
1365 588 1487 658 genus
1503 574 1676 638 nostrum

333 677 380 744 de
404 675 578 744 laborum
603 673 854 761 dolorumque
878 674 1121 761 perpessione
1145 676 1349 764 docuisset,
1374 694 1508 745 eorum
1532 675 1683 762 inipso

334 781 509 868 exempla
532 785 765 869 peteremus,
792 782 897 851 etita
921 780 1074 868 quidem
1098 785 1154 868 ut,
1184 801 1448 870 quaecumque
1471 781 1677 852 difficiliora

333 907 519 976 perpessu
542 893 650 974 sunt,
683 907 726 958 ea
751 889 819 956 sibi
844 888 925 974 ipse
948 889 1141 958 toleranda
1172 907 1311 978 magna
1335 890 1525 958 voluntate
1548 908 1679 958 susce·

307 987 310 995 ’
332 996 435 1082 perit.
459 995 640 1064 Maestitia
665 994 840 1064 videmus
859 994 1080 1082 conlectum,
1105 1014 1228 1082 usque
1251 1015 1296 1064 eo
1320 1000 1361 1064 ut
1384 995 1569 1083 sanguine
1592 997 1680 1065 totis

334 1103 509 1188 artubus,
536 1101 648 1172 veluti
673 1101 830 1188 sudore,
856 1107 1037 1172 manaret.
1077 1103 1261 1172 Videmus
1285 1102 1458 1188 vinculis,
1486 1103 1677 1172 latronum

333 1227 449 1294 more,
467 1209 726 1293 constrictum;
751 1208 929 1277 iudicium
947 1209 1202 1295 pessimorum
1216 1209 1459 1294 subeuntem;
1484 1209 1574 1277 diris
1589 1227 1676 1278 con-

334 1314 505 1401 tumeliis,
531 1313 633 1383 falsis
649 1314 867 1383 criminibus
883 1315 1103 1400 impetitum.
1127 1314 1311 1385 Videmus
1326 1313 1484 1403 flagellis
1500 1308 1677 1400 caesum}

334 1420 450 1508 spinis
473 1425 709 1508 coronatum;
747 1420 931 1489 suffixum
956 1422 1057 1490 cruci
1066 1441 1074 1506 ;
1106 1421 1301 1509 indignum
1327 1422 1495 1490 habitum
1525 1421 1588 1509 qui
1612 1422 1678 1490 diu

333 1529 492 1616 vireret,
525 1529 682 1618 dignum
706 1529 770 1616 qui
793 1529 1048 1598 succlamante
1072 1530 1180 1598 turba
1205 1529 1351 1615 periret.
1392 1527 1450 1598 Ad
1474 1529 1584 1613 haec,
1609 1530 1681 1602 Pa·

333 1640 447 1709 rentis
470 1639 729 1708 sanctissimae
754 1637 1026 1725 aegritudinem
1050 1640 1282 1724 reputamus
1306 1637 1415 1706 cuius
1431 1635 1600 1706 unimam
1615 1636 1680 1706 do

334 1745 423 1814 loris
444 1744 610 1834 plautus,
637 1765 713 1814 non
738 1745 853 1833 attigit
876 1746 1001 1833 modo,
1026 1743 1094 1814 sed
1115 1742 1378 1833 pertransivit,
1406 1749 1446 1812 ut
1468 1747 1590 1814 mater
1613 1744 1678 1814 do·

335 1853 459 1922 lorum
484 1853 772 1939 compellaretur
796 1856 832 1922 et
854 1856 963 1921 esset.
987 1889 1032 1900 —
1054 1851 1209 1920 Virtutis
1238 1855 1359 1920 tantae
1382 1851 1588 1938 specimina
1612 1851 1680 1937 qui

334 1959 465 2029 crebra
481 1961 709 2047 cogitatione,
734 1978 811 2027 non
828 1959 943 2028 modo
965 1959 1093 2046 oculis,
1111 1957 1391 2044 contempletur,
1416 1961 1600 2045 quantum
1616 1956 1680 2026 ille

334 2064 499 2152 profecto
523 2067 656 2136 calebit
675 2067 802 2135 animo
826 2067 875 2134 ad
891 2065 1128 2135 imitandum!
1153 2065 1240 2134 Esto
1257 2066 1292 2134 ei
1307 2065 1460 2152 quidem
1475 2061 1678 2134 moledicte

335 2170 441 2238 tellus
465 2175 501 2240 et
524 2171 653 2260 spinos
674 2169 857 2260 germinet
876 2191 923 2240 oc
940 2169 1109 2255 tribulos,
1135 2189 1245 2240 mens
1261 2171 1455 2240 aerumnis
1470 2175 1680 2274 prematur,

333 2277 477 2346 morbis
500 2281 680 2366 urgeatur
703 2295 858 2364 corpus;
900 2276 1047 2345 nullum
1072 2277 1154 2364 erit,
1187 2278 1266 2346 sive
1293 2277 1492 2346 hominum
1520 2276 1676 2364 invidia,

321 2384 411 2453 sive
435 2385 489 2453 ira
515 2386 756 2469 daemonum,
781 2384 970 2453 invectum
987 2383 1142 2470 malurn,
1167 2382 1294 2452 nullus
1309 2382 1482 2470 publicae
1497 2383 1681 2469 privatae

333 2511 406 2579 que
435 2491 653 2561 calamitatis
682 2509 812 2577 casus,
849 2509 946 2577 quae
977 2509 1053 2558 non
1077 2489 1136 2559 ille
1167 2492 1313 2560 evincat
1336 2489 1539 2560 tolerando.
1581 2489 1677 2560 Hinc

238 2651 241 2660 .
333 2600 423 2669 illud
447 2603 563 2684 recte,
596 2599 794 2666 1111661661
815 2594 1411 2686 [161116111661111611111111111661;
1450 2597 1683 2668 christianus

332 2706 482 2792 etenim,
508 2706 738 2791 quicumque
762 2704 945 2774 habeatur
968 2704 1119 2789 merito,
1160 2704 1350 2772 Christum
1372 2703 1575 2789 patientem
1598 2723 1676 2772 non

330 2812 509 2900 subsequi
528 2829 771 2898 nequaquam
788 2814 918 2898 potest.
935 2811 1154 2880 Patientiam
1170 2816 1297 2880 autern
1313 2809 1484 2896 dicimuS,
1510 2828 1585 2878 non
1602 2810 1680 2880 ina·

329 2940 417 2989 nem
442 2919 557 2989 animi
580 2917 866 2987 ostentationem
889 2919 938 2986 ad
959 2917 1129 2986 dolorem
1146 2917 1438 3004 obdurescentis,
1464 2935 1561 3003 quae
1586 2936 1678 3004 quo

329 3027 508 3097 rumdam
530 3023 600 3095 11111
615 3029 786 3094 1616111111
801 3023 1131 3112 philosophorum,
1158 3025 1225 3093 sed
1248 3043 1356 3110 quae,
1382 3022 1602 3109 exemplum
1627 3024 1676 3093 ab

330 3136 391 3203 illo
416 3132 646 3204 transferens
674 3129 758 3220 qui,
793 3131 988 3222 proposito
1015 3130 1085 3200 stol
1107 3130 1268 3221 pannio,
1303 3129 1478 3199 cristinuit
1500 3149 1673 3216 erucem,

215 3269 217 3275 ·
330 3240 545 3330 conflicione
569 3241 762 3327 contempt
784 3239 868 3328 ›(1)‚
906 3241 954 3310 ab
976 3241 1135 3327 ipsoque
1159 3248 1371 3326 opportuna
1395 3238 1535 3326 gratiae
1558 3256 1679 3324 expo·

331 3368 443 3418 scens
466 3348 620 3433 auxilia,
653 3347 796 3434 perpeti
819 3365 953 3433 aspera
977 3347 1067 3415 nihil
1091 3351 1224 3416 renunt
1254 3351 1366 3432 atque
1389 3345 1501 3414 etiam
1524 3344 1674 3432 gestiat,

318 3455 702 3542 -perpessionemque,
727 3459 1034 3542 quantacumque
1059 3472 1102 3522 ea
1127 3451 1243 3539 luerit,
1268 3453 1304 3521 in
1323 3452 1435 3522 lucris
1454 3454 1577 3538 ponat.
1603 3451 1677 3520 Ha-

330 3563 408 3630 buit
430 3561 655 3630 catholicum
678 3578 828 3648 nomen,
854 3579 899 3630 ac
923 3579 1015 3629 sane
1032 3561 1153 3645 babet,
1178 3559 1369 3629 doctrinae
1386 3558 1500 3626 huius
1515 3557 1677 3644 discipu-

330 3668 388 3736 los
411 3665 743 3754 praeclarissimos
768 3667 985 3753 complures
1008 3667 1147 3752 ubique
1171 3683 1220 3733 ex
1244 3667 1348 3733 omni
1368 3664 1497 3734 ordine
1512 3665 1615 3733 viros
1638 3668 1676 3732 et

330 3900 464 3950 omnes
486 3897 556 3968 pro
579 3879 712 3948 virtute
737 3885 772 3948 et
794 3879 971 3967 religione
994 3880 1172 3966 subirent,
1197 3879 1284 3948 illud
1303 3880 1459 3966 Didymi,
1485 3897 1525 3947 re
1550 3878 1675 3966 magis

329 4007 446 4074 quam
462 3987 568 4072 dicto,
586 3990 832 4074 usurpantes:
858 3987 999 4054 Eumne
1016 3990 1149 4070 611163,
1176 3991 1211 4054 61
1227 3985 1440 4055 moriamur
1455 4003 1539 4054 oum
1556 4005 1600 4053 eo
1614 3983 1672 4071 (2),

329 4129 374 4142 -
398 4095 501 4174 Quae
524 4093 680 4180 insignis
704 4093 934 4161 constantiae
964 4089 1059 4161 facta
1083 4093 1195 4162 ctiam
1222 4097 1333 4180 atque
1362 4094 1473 4162 etiam
1503 4091 1676 4180 multipli-

294 4191 297 4200 '
329 4207 460 4270 centur
483 4201 687 4289 splendide,
713 4201 814 4270 unde
837 4201 1065 4288 praesidium
1090 4203 1233 4288 civitati,
1259 4203 1445 4273 Ecclesiae
1469 4204 1588 4272 virtus
1612 4223 1678 4274 au-

329 4312 458 4396 gescat
482 4311 518 4376 61
540 4307 672 4395 gloria!

393 4485 427 4544 (l)
445 4486 525 4532 Hebr.
545 4496 598 4542 xrr,
616 4483 639 4532 2.

392 4565 538 4624 (et10ann.
557 4577 597 4621 111,
618 4565 654 4610 16.
