3694 5230
755 291 909 337 ⁴numina.
1441 271 1501 336 209

159 397 284 496 patet,
316 392 531 470 functiones
560 394 775 471 sodalitatis
804 397 1080 493 missarumque
1112 393 1402 468 celebrationem
1436 416 1503 494 pro

157 513 351 592 defunctis
372 513 627 592 confratribus
646 514 693 591 ad
712 513 834 617 ipsius
854 513 1068 591 sodalitatis
1091 517 1277 590 rectorem
1294 513 1500 615 pertinere.

240 633 427 736 Equidem
458 636 605 738 pergit,
631 636 664 712 si
693 635 940 728 consuetudo,
971 658 1066 735 quae
1094 634 1221 711 aufert
1248 659 1307 728 ea,
1338 659 1431 734 quae
1459 634 1503 710 de

155 756 240 832 inre
269 755 419 832 comuni
440 755 623 833 debentur
651 754 813 858 parocho
834 755 875 831 in
896 781 966 832 sua
984 755 1156 849 ecclesia,
1187 755 1294 831 debet
1314 780 1395 831 esse
1414 780 1506 856 qua-

156 875 387 978 dragenaria
423 900 506 952 cum
537 875 654 952 titulo
687 880 748 951 etc
754 932 835 950 .....
867 875 978 952 iuxta
1015 874 1219 952 Monacelli
1255 874 1395 952 Form.
1428 875 1500 978 lep.

150 1008 286 1100 procl.
317 997 397 1091 for.
430 997 518 1070 eccl.
551 1003 608 1072 tr't.
642 995 706 1083 13,
741 1022 783 1070 n.
814 994 891 1084 89;
920 1021 943 1071 a
972 994 1121 1071 fortiori
1150 994 1187 1071 id
1225 995 1504 1071 admittendum

156 1117 286 1194 estin
314 1141 403 1193 casu
432 1117 473 1193 in
502 1141 588 1218 quo,
620 1141 696 1193 non
725 1116 848 1193 solum
866 1116 1110 1192 observantia
1137 1121 1176 1192 et
1195 1114 1426 1192 consuetudo
1445 1119 1504 1192 est

155 1237 461 1330 imrnemorialis,
493 1237 556 1314 sed
585 1237 716 1338 agitur
742 1236 946 1313 dumtaxat
973 1236 1018 1311 de
1048 1236 1306 1312 functionibus
1334 1260 1410 1312 non
1437 1261 1505 1338 pa-

155 1357 395 1450 roecialibus
428 1381 522 1458 quae
543 1357 587 1432 de
607 1357 689 1432 iure
717 1357 907 1433 communi
927 1381 1003 1433 non
1033 1356 1216 1433 debentur
1235 1356 1305 1434 soli
1323 1355 1500 1460 parocho,

157 1481 199 1554 et
229 1502 297 1581 pro
324 1477 457 1579 quibus
485 1478 597 1554 iuxta
623 1477 795 1554 eumdem
824 1477 1029 1554 Monacelli
1068 1479 1138 1554 loc.
1171 1485 1233 1554 cit.
1265 1505 1306 1552 a.
1336 1479 1404 1567 86,
1439 1505 1506 1582 pa-

155 1598 265 1675 rochi
295 1598 452 1676 licentia
480 1623 554 1674 non
584 1610 643 1674 est
671 1597 906 1691 necessaria,
938 1596 1003 1674 sed
1031 1601 1184 1675 tantum
1218 1597 1360 1674 sufficit
1392 1599 1505 1676 venia

158 1718 371 1796 Ordinarii.

240 1841 446 1918 Praeterea
472 1839 565 1916 baec
592 1840 719 1916 omnia
747 1840 880 1916 maiori
901 1840 1032 1917 robore
1059 1840 1204 1917 firmari
1224 1843 1401 1916 autumat
1419 1865 1504 1917 ora-

157 1965 221 2038 tor
249 1963 295 2038 ab
322 1961 405 2064 ipsa
431 1960 652 2037 dioecesana
681 1959 847 2062 Synod0,
879 1986 973 2062 qnae
1001 1961 1042 2036 in
1070 1961 1192 2062 capite
1220 1960 1266 2036 de
1293 1959 1507 2037 confrater·
1588 2027 1591 2034 .

161 2080 350 2158 nitatibus
378 2081 472 2157 baec
499 2080 686 2157 decernit:

244 2229 263 2272 ‹
295 2200 327 2277 1.
360 2199 562 2291 Volumus,
594 2203 639 2275 ut
667 2225 777 2276 nemo
806 2200 980 2277 sacerdos
999 2201 1045 2276 ad
1066 2199 1223 2278 rectoris
1251 2198 1417 2277 officium
1437 2202 1507 2277 eli-

159 2324 290 2422 gatur,
310 2321 386 2396 nisi
406 2320 458 2396 sit
471 2319 740 2410 confessarius,
757 2325 796 2397 et
810 2319 934 2397 divini
953 2321 1057 2398 verbi
1072 2320 1315 2398 concionator
1333 2324 1407 2396 etc.
1431 2380 1439 2395 .
1462 2381 1470 2396 .
1493 2381 1501 2396 .

159 2436 234 2518 III.
267 2441 456 2542 Satagant
482 2440 640 2542 insuper
667 2443 847 2536 rectores,
879 2445 923 2519 ut
950 2467 1092 2520 onera.
1119 2501 1128 2517 .
1156 2501 1164 2518 .
1191 2500 1199 2516 .
1226 2443 1432 2520 missarum
1459 2468 1502 2519 ac

159 2561 224 2663 pia
252 2558 383 2660 legata
414 2558 527 2636 statis
559 2561 790 2662 temporibus
824 2561 1125 2665 adimpleantur,
1157 2588 1204 2640 ne
1232 2565 1307 2639 etc.
1344 2563 1416 2640 IV.
1447 2569 1508 2638 at-

157 2679 310 2774 tendat,
350 2683 476 2756 rector
503 2679 740 2775 sodalitatis,
772 2685 966 2784 praeterea
992 2682 1040 2759 ad
1076 2682 1275 2774 ccclesiae,
1306 2687 1346 2760 et
1373 2681 1505 2760 sacelli

157 2800 325 2877 nitorem
353 2799 467 2876 etad
495 2825 539 2876 ea
566 2802 708 2895 omnia,
731 2826 826 2902 quae
854 2801 1027 2877 divinum
1055 2803 1204 2879 cultum
1233 2804 1502 2907 respiciunt».

243 2921 307 2998 Ex
335 2919 396 2995 his
424 2919 559 3021 igitur,
591 2920 741 3006 deducit
769 2927 968 3024 patronus,
991 2923 1088 3024 quod
1115 2924 1148 2998 si
1173 2924 1284 2999 iuxta
1312 2921 1506 3024 Synodum

161 3033 291 3120 rector
314 3039 529 3117 sodalitatis
548 3040 657 3118 debet
684 3066 765 3118 esse
783 3044 1044 3135 concionat0r3
1077 3043 1108 3118 si
1128 3042 1366 3144 diligentiam
1397 3043 1507 3118 adhi-

157 3165 246 3264 bere
265 3162 387 3255 debet,
410 3166 455 3237 ut
482 3166 597 3238 o'nera
625 3163 827 3240 missarum
842 3188 885 3239 ac
907 3161 968 3264 pia
996 3161 1124 3264 legata
1142 3161 1441 3265 adimpleantur;
1473 3161 1506 3237 si

157 3281 360 3360 attendere
385 3282 494 3358 debet
512 3281 558 3358 ad
587 3306 632 3358 ea
658 3307 754 3384 quae
771 3281 945 3359 divinum
974 3281 1121 3358 cultum
1150 3283 1385 3384 respiciunt;
1417 3271 1509 3357 haec

158 3402 289 3479 omnia
317 3401 447 3505 procul
476 3400 585 3478 dubio
613 3402 712 3478 nihil
740 3403 876 3480 melius
904 3401 1130 3504 indigitant,
1163 3402 1239 3477 nisi
1267 3406 1311 3477 ut
1332 3400 1509 3478 sodalita-

158 3525 245 3598 tnm
273 3527 440 3598 rectores
469 3523 630 3625 propriis
660 3522 719 3599 sui
752 3521 919 3599 sodalitii
948 3522 1205 3599 functionibus
1234 3546 1278 3597 ac
1305 3522 1506 3598 missarum

160 3643 407 3722 celebrationi
427 3643 539 3720 iuxta
566 3647 715 3720 statuta
733 3649 773 3719 et
791 3643 920 3744 legata
949 3642 1024 3718 rite
1052 3641 1273 3719 satisfacere
1291 3642 1463 3718 debeant.

241 3763 314 3839 His
342 3787 434 3839 vero
462 3767 502 3839 et
529 3762 854 3840 confirmationem
885 3762 1059 3839 accedere
1087 3762 1245 3839 adnotat
1265 3789 1288 3839 a
1307 3762 1507 3838 notissimo

160 3883 312 3960 decreto
345 3882 460 3960 Urbis
487 3895 523 3958 ct
553 3882 663 3958 Orbis
691 3882 730 3959 S.
763 3884 857 3961 Ra.
890 3883 1226 3984 congregationis,
1256 3883 1317 3960 ubi
1344 3885 1430 3985 post
1449 3907 1507 3958 re-

162 4004 391 4080 solutionem
411 4001 601 4104 trigesimi
621 4003 727 4078 tertii
755 4003 858 4079 dubii
877 4003 1048 4080 additur:
1084 4032 1101 4075 c
1125 4003 1244 4080 salvis
1270 4007 1398 4078 tamen
1419 4026 1509 4078 con-

163 4123 409 4202 ventionibus
446 4125 486 4199 et
523 4121 645 4225 pactis
672 4123 713 4198 in
750 4123 939 4200 erectione
977 4122 1339 4200 confraternitatum
1374 4121 1505 4199 forsan

164 4244 293 4338 factis,
321 4243 531 4321 concordiis
558 4244 660 4320 inter
688 4250 815 4348 partes
843 4245 966 4336 initis,
988 4247 1028 4319 et
1046 4270 1069 4321 a
1088 4245 1127 4320 S.
1150 4243 1243 4322 Sede
1271 4242 1501 4346 approbatis,

161 4365 339 4462 indultis,
384 4365 720 4442 constitutionibus
758 4364 1028 4467 Synodalibus,
1059 4389 1102 4442 ac
1140 4363 1437 4469 provincialibus
1466 4367 1507 4438 et

162 4485 496 4564 consuetudinibus
515 4485 884 4578 immemorabilibus,
904 4486 966 4561 vel
987 4484 1123 4562 saltem
1139 4485 1405 4562 centenariis»
1426 4479 1501 4588 (l).

224 4675 260 4738 (1)
277 4677 424 4724 Decretum
441 4643 490 4721 hcc
511 4673 633 4721 relatum
648 4674 735 4721 habes
751 4685 800 4732 per
817 4675 906 4720 totum
922 4673 983 4720 Vol.
1001 4673 1015 4719 1
1031 4685 1090 4732 pag.
1110 4672 1162 4719 591.

263 4773 351 4831 Acta,
371 4771 448 4820 Tem.
469 4767 580 4818 XXVI.
594 4765 673 4832 saec.
696 4767 827 4819 ccclv.
1371 4768 1402 4815 14
