3674 5262
391 269 432 333 38
916 288 957 332 33
980 287 1006 332 s.
1031 289 1060 332 c.
1084 287 1205 332 urrann

392 385 508 472 gistro
525 385 766 471 donaverant,
786 403 923 472 nempe
939 383 1125 454 Ecclesiae
1141 383 1317 453 Omnium
1333 382 1568 470 Sanctorum,
1594 385 1740 455 31833-

391 491 438 559 cti
462 491 601 561 Nicolai
624 511 713 560 curn
737 491 856 565 Casali
881 493 1007 562 Sancti
1022 493 1169 563 Martini
1193 489 1439 589 confirmavit.
1464 490 1637 560 Secundo
1654 493 1741 562 Mu—

390 597 456 666 riel
486 597 562 670 fllia
596 600 713 670 nostri
744 600 894 670 Comitis
926 601 1092 690 Rogerii,
1129 618 1226 670 uxor
1258 599 1455 686 Guisperni
1485 599 1533 668 de
1563 600 1732 686 Luciaci,

389 705 456 792 qui
482 725 582 776 anno
605 707 804 776 millesimo
829 706 1032 778 centesimo
1056 707 1202 777 decimo
1226 725 1344 794 nono,
1377 725 1445 794 pro
1470 708 1635 777 remedio
1659 709 1740 778 331--

389 833 476 886 mae
500 833 601 902 suae,
627 820 663 884 et
678 816 847 884 omnium
865 819 1064 903 parentum
1082 833 1251 901 suornm,
1276 813 1429 884 donavit
1444 813 1632 886 Ecclesiae
1648 834 1733 886 san·

325 1005 328 1014 Ι
387 926 470 992 ctae
493 923 634 992 Mariae
657 922 705 998 dc
728 923 836 992 Turri
860 926 895 992 et
917 923 1095 1010 Magistro
1119 923 1288 993 Lanuino
1312 922 1444 990 decem
1461 921 1738 991 1113333333--

388 1028 540 1098 ditarios
563 1049 637 1100 333
662 1049 751 1100 cum
775 1049 897 1117 servo,
923 1050 968 1100 ac
992 1031 1101 1100 etiam
1126 1029 1312 1099 Ecclesiae
1336 1028 1454 1098 sancti
1470 1029 1669 1113 Michaelis
1695 1036 1731 1098 et

387 1136 505 1206 sancti
529 1136 678 1225 Georgii
700 1156 788 1206 cum
812 1137 930 1225 terris,
955 1145 991 1207 et
1006 1138 1216 1208 tenimentis
1232 1136 1322 1205 suis.
1347 1134 1526 1216 Ultimum
1543 1137 1738 1224 Rogerius-

387 1237 600 1312 arenarum
625 1244 770 1330 Comes,
795 1245 986 1314 sanctitate
1010 1245 1260 1314 Eremitarum
1282 1243 1469 1315 Ecclesiae
1485 1247 1636 1312 sanctae
1653 1245 1729 1314 Ma-

389 1350 475 1436 riae,
500 1370 597 1437 quae
621 1350 813 1421 dicebatur
835 1353 998 1422 Eremos
1020 1352 1188 1440 Magistri
1211 1351 1398 1420 Brunonis
1421 1355 1458 1421 et
1473 1351 1642 1436 Lanuini,
1665 1353 1730 1438 qui

385 1460 476 1526 tuno
499 1458 742 1546 gubernabat,
767 1458 943 1529 divinitus
966 1459 1122 1530 allectus
1145 1477 1245 1530 anno
1261 1458 1408 1527 Domini
1432 1457 1630 1526 millesimo
1647 1475 1730 1526 cen-

386 1565 519 1634 tesimo
543 1565 726 1654 vigesimo
750 1567 883 1654 primo
908 1567 1169 1654 obedientiam,
1193 1586 1264 1636 seu
1287 1565 1491 1654 Grangiam
1514 1583 1613 1651 3333
1636 1565 1739 1634 dice--

386 1671 496 1740 batur
519 1673 566 1741 de
590 1673 716 1760 CapiS,
741 1672 979 1744 confirmavit
1001 1677 1037 1744 et
1059 1694 1127 1761 per
1150 1674 1311 1742 multum
1337 1671 1500 1743 dilatavit
1522 1671 1728 1758 spatiosum

384 1779 627 1849 concedendo
643 1781 804 1850 divisam
823 1782 927 1851 iuxta
944 1781 1116 1852 eamdem
1136 1781 1337 1868 Grangiam
1364 1779 1444 1848 sine
1461 1797 1575 1848 onere
1591 1779 1729 1866 aliquo.

385 1886 523 1956 Clausit
546 1888 696 1957 tandem
721 1895 850 1958 sancte
873 1895 908 1958 et
931 1908 1018 1958 cum
1043 1889 1213 1957 omnium
1238 1905 1412 1956 moerore
1436 1884 1606 1956 ultimum
1632 1886 1729 1955 vitae
1823 1877 1824 1880 ’

384 2012 478 2062 3333
508 1993 607 2063 diem
638 1997 776 2065 Beatus
799 1996 993 2064 Lanuinus
1025 1995 1224 2064 undecima
1247 1994 1386 2080 Aprilis
1417 1992 1504 2062 anni
1532 1995 1736 2080 reparatae—

383 2097 514 2168 saluts
527 2100 712 2172 millesimi
724 2103 915 2171 centesimi
929 2101 1098 2190 vigesimi
1112 2101 1232 2188 primi,
1252 2100 1479 2188 sepelierunt
1494 2106 1619 2170 autem
1638 2118 1728 2168 eum

310 2285 312 2292 Α
385 2207 533 2276 Fratres
557 2209 639 2278 eius
663 2215 698 2279 et
711 2209 784 2292 ,11111
807 2211 843 2278 in
867 2210 1042 2298 sepulcro
1065 2209 1183 2278 sancti
1199 2209 1318 2278 Patris
1335 2209 1451 2278 nostri
1471 2207 1666 2293 Brunonis‚
1692 2211 1730 2274 et
1823 2237 1824 2294 t

384 2315 471 2402 quia
497 2319 537 2384 ut
560 2315 793 2386 Sanctus'ab
812 2317 1000 2396 omnibus,
1014 2316 1274 2403 venerabatur,
1300 2321 1438 2385 etcum
1456 2314 1629 2402 opinione
1645 2332 1735 2382 333-
1823 2301 1824 2356 t

382 2421 514 2491 ctitatis
530 2423 752 2510 decesserat,
777 2425 814 2492 in
831 2443 964 2494 eorum
981 2421 1290 2511 Martyrologium
1312 2422 1524 2492 immediate
1540 2427 1625 2510 post
1640 2422 1676 2491 S.
1687 2423 1734 2490 P..

381 2527 707 2600 denunciationem
745 2531 793 2600 ita
824 2531 923 2599 diem
956 2530 1078 2600 obitus
1107 2530 1165 2598 sui
1197 2533 1488 2600 annotaverunt:
1526 2528 1728 2598 undecima

381 2636 518 2723 Aprilis
541 2638 630 2707 obiit
652 2639 789 2708 Beatus
813 2638 1018 2708 Lanuin'us.
1043 2638 1170 2705 Bruno
1195 2637 1306 2722 enim,
1332 2641 1367 2706 et
1390 2636 1598 2720 Lanutnus,
1624 2654 1728 2705 ama·
1823 2673 1824 2724 t

380 2741 483 2829 biles,
509 2748 545 2812 et
567 2745 692 2814 decori
716 2743 825 2814 valde
848 2745 885 2812 in
910 2744 983 2814 vita
1007 2761 1095 2830 sua,
1131 2744 1169 2811 in
1199 2748 1318 2813 morte
1349 2762 1502 2831 quoque
1532 2761 1608 2810 non
1636 2747 1729 2812 sunt
1823 2803 1824 2816 ,

381 2850 497 2938 divisi,
523 2852 666 2939 Aquilis
690 2851 905 2938 velociores
931 2852 1102 2922 leonibus
1126 2850 1306 2922 fortiores.
1331 2855 1389 2920 Ex
1413 2852 1473 2920 illo
1497 2853 1606 2941 igitur
1629 2873 1726 2922 aevo
1823 2831 1824 2850 ³

381 2976 504 3045 nsque
528 2958 652 3028 adhuc
676 2978 828 3046 semper
843 2948 1049 3029 honorifice
1072 2959 1186 3028 simul
1202 2959 1338 3029 conditi
1354 2958 1504 3029 fuerunt
1527 2963 1726 3045 tamqnam
1823 2987 1824 3000 ¹

380 3063 458 3134 duo
481 3065 613 3151 olivae,
638 3069 673 3135 et
689 3065 765 3138 dno
781 3066 1018 3153 candelabra,
1043 3068 1080 3135 in
1097 3072 1301 3154 conspectu
1318 3067 1465 3136 Domini
1489 3070 1609 3136 terrae
1629 3071 1728 3134 stan·
1823 3053 1824 3129 i

380 3176 453 3241 tes:
485 3173 522 3241 hi
546 3179 635 3243 sunt
657 3176 733 3244 duo
757 3173 820 3244 tilii
842 3175 1072 3263 splendoris,
1101 3177 1163 3264 qui
1189 3177 1368 3246 assistunt
1390 3177 1620 3246 Dominatori
1644 3177 1734 3245 uni-

379 3298 514 3350 versae
537 3285 669 3367 terrae,
695 3301 857 3369 quorum
883 3283 1058 3370 precibus
1082 3288 1118 3352 et
1141 3285 1370 3354 orationibus
1393 3284 1493 3372 apud
1518 3285 1639 3352 Deum
1663 3282 1752 3384 ard-3
1823 3327 1824 3356 t

379 3387 499 3455 iuvari
523 3407 734 3475 speramus
770 3390 894 3460 Pauca
919 3396 1045 3460 autem
1077 3391 1124 3460 de
1151 3395 1228 3460 tam
1255 3391 1450 3479 praeclaro
1474 3393 1554 3460 viro
1586 3392 1730 3462 nostris

380 3493 790 3583 hactenus.inu0tuere;
815 3501 1061 3568 monumenta
1090 3499 1189 3565 enim
1217 3498 1449 3586 magnalium
1468 3517 1626 3586 operum
1644 3500 1728 3568 eius

379 3611 416 3674 et
439 3605 614 3675 universa
638 3625 735 3692 quae
758 3604 849 3693 fecit,
874 3624 964 3676 cum
988 3623 1058 3676 suo
1076 3604 1205 3674 ultimo
1221 3604 1297 3676 fine
1321 3595 1508 3694 perierant
1529 3625 1618 3675 cum
1641 3607 1725 3676 aliis
1823 3653 1824 3668 t

379 3712 587 3781 combustis
614 3713 889 3800 manuscriptis.
929 3714 969 3780 In
1000 3711 1161 3800 effigiem
1192 3715 1292 3784 Beati
1324 3714 1482 3782 Lanuini
1513 3715 1725 3784 Normanni

378 3819 544 3908 Magistri
569 3821 769 3890 Turrensis
792 3821 926 3889 Eremi.
967 3820 1032 3889 Sat
1054 3821 1216 3889 tenebris
1245 3822 1466 3908 umbrisque
1492 3819 1621 3890 datum
1646 3824 1725 3906 est,
1823 3863 1824 3931 ἦ

379 3945 480 3995 3333
510 3927 630 4014 incipe
654 3927 726 3996 luci
757 3928 809 3995 Te
836 3925 944 4020 dare,
973 3945 1110 4015 magne
1134 3927 1259 4014 Pater,
1293 3946 1369 3995 vox
1405 3933 1440 3996 et
1467 3927 1573 3997 Tubu
1602 3927 1731 3997 dulcis
1823 3935 1824 3956 ¹

343 4069 345 4072 v
380 4035 504 4104 Eremi
521 4039 587 4104 etc.
1659 4033 1660 4037 ’
