3650 5242
710 259 884 306 numnam
1411 242 1467 305 177

203 365 336 466 Neque
365 370 563 468 praeterea
599 365 753 441 silentio
788 369 847 439 est
885 364 1139 440 omittendum
1177 363 1359 464 quomodo
1386 361 1468 438 divi

119 483 295 588 Philippi
326 485 432 562 Nerii
461 509 611 587 semper
637 485 681 560 ab
710 483 882 559 omnibus
911 483 1124 585 presbyteri
1149 481 1211 557 vel
1231 481 1358 557 clerici
1387 507 1470 557 sae-

117 605 271 682 culares
300 605 445 682 luerint
475 604 681 708 appellati,
714 628 833 704 neque
861 628 939 679 una
966 601 1115 704 quidem
1154 602 1238 678 vice
1276 601 1469 704 regulares

118 726 228 802 dicti.
262 725 370 813 Quod
400 724 516 802 etiam
545 749 593 801 ex
621 749 664 800 eo
684 723 901 800 confirmari
921 748 1029 826 posse
1057 721 1257 798 dicendum
1276 728 1335 799 est
1354 723 1465 823 quod,

120 869 197 922 uon
226 869 337 920 secus
365 868 409 920 ac
437 845 553 920 ceteri
580 844 625 919 de
653 843 754 919 clero
783 842 986 934 saeculari,
1010 841 1198 944 Episcopo
1227 841 1298 918 loci
1327 842 1368 918 iu
1396 863 1469 942 quo

119 963 269 1066 degunt
298 965 377 1040 fere
406 965 448 1039 in
476 964 649 1040 omuibus
678 962 946 1040 subiiciuntur.

203 1083 467 1161 Nihilominus
494 1109 542 1160 ex
570 1084 729 1161 adverso
756 1084 867 1186 plura
887 1081 1147 1186 perpendenda
1166 1083 1342 1175 veniunt,
1374 1107 1469 1183 quae

118 1205 359 1282 contrariam
396 1205 628 1282 sententiam
667 1204 823 1280 suadere
856 1203 1050 1280 videntur.
1091 1204 1218 1304 Atque
1255 1203 1295 1279 in
1334 1203 1468 1307 primis

120 1325 319 1402 observari
348 1323 406 1400 fas
434 1329 548 1417 esset,
581 1325 694 1426 quod,
724 1324 798 1400 etsi
818 1325 952 1400 stricte
972 1322 1156 1425 loquendo
1175 1319 1344 1399 Oratorii
1364 1348 1470 1425 pres-

116 1445 246 1546 byteri
276 1443 473 1546 regulares
501 1444 574 1520 dici
605 1448 818 1545 nequeant,
855 1443 896 1519 in
923 1443 1120 1520 nonnullis
1156 1446 1284 1520 tamen
1314 1449 1469 1547 possent

116 1563 362 1666 regularibus
389 1563 642 1667 aequiparari,
675 1567 787 1665 atque
817 1589 883 1666 per
910 1588 1142 1665 consequens
1171 1565 1282 1640 iuxta
1310 1565 1471 1642 'l'riden-

117 1685 244 1761 tinam
273 1683 559 1788 dispositionem
588 1685 632 1760 ab
661 1683 783 1760 officio
811 1685 1080 1788 deputatorum
1109 1685 1312 1762 Seminarii
1336 1686 1468 1764 exclu-

119 1803 232 1880 dendi
265 1802 404 1880 forent.
437 1804 591 1880 Revera
619 1805 691 1906 ipsi
712 1806 907 1908 proprium
928 1806 1068 1882 habent
1089 1806 1335 1909 superiorem,
1358 1833 1468 1909 quem

119 1927 236 2002 iuxta
264 1949 354 2000 suae
383 1924 704 2027 Congregatiouis
732 1931 880 2003 statuta
909 1931 948 2004 et
976 1929 1273 2031 independenter
1300 1932 1345 2006 ab
1373 1930 1469 2033 Epi·

123 2070 237 2150 scopo
267 2045 339 2121 loci
367 2045 534 2148 eligunt,
564 2047 757 2148 eidemque
777 2073 907 2152 reapse
937 2050 1088 2126 subesse
1106 2075 1150 2126 ao
1169 2050 1316 2126 obedire
1336 2059 1471 2130 teuen-

122 2173 202 2242 tur.
236 2165 457 2260 Praeterea,
489 2172 631 2268 patres,
662 2168 708 2244 ad
737 2169 888 2246 modum
917 2169 1207 2272 religiosorum,
1248 2170 1327 2247 fere
1357 2196 1471 2274 gene-

125 2287 245 2363 ratim
274 2293 566 2390 nuncupantur3
599 2293 652 2383 et,
685 2288 821 2366 saltem
851 2290 955 2366 intra
982 2290 1162 2391 quosdam
1191 2291 1308 2382 fines,
1348 2292 1469 2393 privi-

123 2407 236 2510 legiis
257 2407 425 2509 gaudent
442 2435 486 2486 ac
504 2411 620 2486 ceteri
640 2411 852 2487 sacerdotes
872 2411 1082 2512 regulares
1109 2434 1312 2512 omnesque
1339 2436 1470 2488 eorum

125 2529 276 2621 domus,
309 2535 422 2630 prout
450 2532 489 2605 et
516 2529 606 2606 illae
633 2529 904 2632 Regularium,
935 2530 1191 2607 iurisdictioui
1220 2532 1374 2633 parochi
1397 2534 1470 2609 mi-

124 2652 226 2726 nime
258 2651 527 2727 subiiciuntur.
576 2651 757 2744 «Verum
786 2657 860 2744 est,
896 2651 952 2727 ait
976 2651 1186 2754 Episcopus
1219 2653 1465 2746 auximanus,

122 2773 235 2872 quod,
267 2772 403 2847 stricte
431 2770 629 2872 loquendo,
662 2771 730 2847 filii
760 2799 791 2848 s.
824 2771 995 2874 Philippi
1025 2771 1116 2848 Neri
1137 2779 1228 2846 sunt
1257 2772 1468 2874 presbyteri

122 2890 350 2984 saeculares,
381 2894 525 2984 tamen,
556 2903 801 2995 compatres
834 2892 1105 2984 nominentur,
1145 2892 1376 2994 obligatione
1404 2893 1468 2968 ob-

122 3012 367 3112 stringantur
395 3010 549 3086 vivendi
578 3011 645 3088 sub
673 3011 885 3088 obedientia
913 3011 1075 3114 praelati
1103 3012 1177 3105 sui,
1209 3012 1468 3114 exemptiones

122 3142 161 3206 et
190 3130 409 3233 privilegia,
440 3132 572 3231 quibus
601 3131 704 3208 infra
732 3137 856 3208 certos
882 3131 1024 3208 limites
1054 3131 1250 3225 fruuntur,
1273 3131 1472 3234 religioso-

124 3275 208 3326 rum
235 3253 374 3346 iustar,
407 3251 589 3346 innuunt,
620 3277 683 3328 eos
712 3251 949 3354 regularibus
977 3251 1105 3352 aliquo
1135 3252 1242 3327 modo
1280 3250 1469 3328 accenseri

128 3397 248 3474 posse.
279 3371 343 3449 Ex
370 3373 503 3474 quibus
531 3374 732 3477 postremis
761 3373 908 3465 verbm,
944 3377 983 3448 et
1012 3373 1163 3475 praxim
1192 3373 1321 3448 forsan
1350 3373 1396 3446 ad
1426 3397 1472 3448 ea

129 3519 222 3596 quae
250 3497 444 3596 hucusque
472 3495 553 3572 dixi
580 3495 781 3590 firmanda,
814 3495 974 3596 allegari
1005 3519 1112 3598 posse
1140 3494 1350 3571 videretur.
1448 3501 1452 3510 '

205 3617 273 3694 Sed
301 3617 342 3695 in
372 3618 543 3694 themate
570 3617 812 3722 potissimum
840 3641 930 3719 prae
949 3614 1088 3691 ceteris
1113 3619 1384 3716 argumentum
1404 3613 1469 3689 de-

130 3739 226 3813 sumi
254 3740 382 3840 posset
399 3761 448 3814 ex
469 3765 555 3841 cap.
579 3733 690 3820 VIII,
721 3763 763 3810 11.
789 3735 857 3821 19,
888 3740 1124 3813 statutorum
1149 3733 1469 3837 Congregationis

132 3853 309 3934 Oratorii.
333 3859 387 3938 lbi
407 3858 509 3934 enim
528 3857 685 3960 legitur,
708 3857 947 3960 presbyteros
967 3854 1135 3934 Oratorii
1155 3881 1232 3933 non
1252 3879 1360 3958 posse
1380 3879 1471 3956 quo-

129 3975 393 4079 modocumque
421 4001 552 4080 gerere
582 4003 640 4054 res
669 3976 943 4079 Collegiorum,
976 3976 1328 4080 Congregationum
1357 3981 1470 4076 atque

129 4095 454 4176 Universitatum.
491 4098 586 4174 «Ne
614 4099 697 4200 quis
726 4096 812 4202 (ibi)
840 4099 884 4174 ab
923 4097 1110 4174 Instituto
1143 4095 1465 4198 Congregationis

129 4221 275 4294 nostrae
302 4219 455 4322 proprio
482 4221 610 4322 posset
637 4218 795 4312 abduci,
828 4221 1019 4295 statutum
1048 4221 1131 4312 est,
1171 4241 1219 4294 ne
1252 4219 1471 4293 nostrorum

129 4333 261 4438 aliquis
289 4363 329 4416 se
356 4338 513 4441 obliget,
544 4343 612 4416 aut
640 4338 752 4414 dedat
779 4338 1079 4415 confessionibus
1108 4337 1320 4431 audiendis,
1354 4337 1469 4412 mori-

130 4455 197 4534 bus
222 4459 485 4553 reformandis,
516 4461 699 4560 rebusque
726 4484 856 4535 earum
888 4458 1077 4560 gerendis.
1110 4458 1214 4534 Idem
1243 4459 1404 4534 dicimus
1424 4459 1468 4534 de

131 4577 362 4676 Seminariis,
382 4579 580 4683 Collegiis,
603 4580 989 4682 Congregationibus,
1013 4579 1279 4674 Societatibus,
1298 4583 1366 4654 aut
1385 4577 1471 4654 aliis

224 4738 303 4796 Aeto,
325 4737 401 4786 Tom.
421 4733 529 4786 XXVI.
549 4735 627 4800 saec.
650 4735 790 4786 000111.
1340 4735 1369 4781 12
