3694 5230
746 317 903 364 nunnius.
1438 304 1498 367 213

142 423 276 496 tumat
305 421 490 520 patronus
519 417 801 496 validissimum
828 417 960 494 favore
979 416 1197 494 sodalitatis
1225 423 1498 520 argumentum

149 538 288 616 inferri
315 561 440 642 posse,
471 563 520 615 ex
547 563 589 614 co
618 539 714 640 quod
743 539 812 615 illa
838 564 905 641 per
934 538 1062 640 plures
1090 563 1133 614 ac
1161 537 1289 642 plures
1317 525 1437 616 annos
1456 541 1498 616 in

141 658 311 736 ecclesia
339 657 477 736 ssnae
504 658 796 754 Annuntiatae,
828 665 1022 760 tamquam
1050 658 1093 734 in
1120 659 1275 760 propria
1306 659 1406 752 sede,
1438 685 1500 736 sa-

140 803 234 856 cras
262 778 478 855 exercuerit
506 777 737 873 functiones,
760 804 804 855 ac
824 779 981 882 proinde
1008 779 1171 882 supponi
1191 779 1298 856 nefas
1318 781 1371 858 sit
1389 781 1499 857 illam

147 901 265 1000 toties
294 899 442 1000 quoties
471 925 598 976 sacras
627 904 755 977 vestes
783 903 960 976 mutuare
989 898 1172 976 voluisse.

231 1021 319 1116 Sed,
351 1020 448 1122 quod
478 1021 600 1097 maius
628 1026 711 1116 est,
742 1020 1049 1124 perpendendum
1076 1020 1165 1097 vult
1201 1025 1343 1114 orator,
1374 1021 1501 1124 ipsum

147 1141 359 1246 parochum
392 1140 437 1217 de
473 1142 707 1246 proprietate
745 1141 877 1217 favore
914 1141 1083 1218 sodalitii
1122 1141 1386 1218 testimonium
1422 1141 1501 1219 edi-

142 1262 267 1338 disse.
982 1255 991 1272 '

233 1383 403 1460 Tandem
430 1381 478 1458 ad
505 1382 687 1460 ultimum
725 1383 1009 1460 controversiae
1047 1389 1162 1486 caput
1192 1380 1399 1460 deveniens
1435 1409 1502 1486 pa-

147 1507 304 1597 tronus,
335 1502 533 1579 ostendere
561 1502 787 1606 aggreditur
805 1502 1163 1578 confraternitatem
1183 1500 1320 1579 habere
1347 1502 1408 1578 ius
1427 1502 1502 1579 eri-

149 1622 267 1724 gendi
296 1621 490 1698 tumulum
517 1622 559 1699 in
588 1622 774 1699 sodalium
794 1621 988 1699 funeribus
1016 1621 1315 1725 independenter
1342 1647 1366 1698 a
1393 1645 1503 1724 paro-

144 1741 225 1818 cho
252 1740 411 1842 atquin
441 1765 581 1834 cereos,
612 1741 757 1818 circum
783 1742 991 1845 appositos
1013 1740 1217 1844 paroeciali
1245 1741 1424 1818 ecclesiae
1443 1765 1504 1816 re·

150 1861 328 1963 linquere
356 1863 550 1936 teneatur.
583 1861 700 1938 Acin
720 1862 868 1964 primis,
899 1868 1035 1939 contra
1063 1861 1246 1964 Episcopi
1274 1859 1503 1937 decisionem

147 1980 424 2057 auctoritatem
452 1979 598 2084 allegat
625 1981 780 2058 Ioannis
813 1983 1013 2085 Baptistae
1042 1982 1168 2076 Bassi,
1191 1982 1370 2085 Episcopi
1398 1981 1504 2056 Ana-

153 2101 282 2204 gnini,
314 2101 474 2179 aientis:
510 2131 529 2175 r
561 2103 740 2180 ecclesias
769 2103 1135 2181 confraternitatum
1167 2103 1401 2204 regulariter
1426 2124 1504 2177 non

150 2221 290 2297 habere
317 2221 378 2297 ius
398 2219 617 2314 funerandi,
641 2222 717 2298 nisi
737 2248 785 2298 ex
804 2221 1092 2316 consuetudine,
1116 2247 1183 2298 seu
1203 2220 1502 2324 praescriptione

151 2341 460 2435 immemorabili,
480 2342 543 2419 vel
558 2343 763 2445 privilegio
783 2366 850 2419 seu
864 2342 1108 2418 concessione
1123 2341 1300 2445 Episcopi
1321 2371 1339 2412 »
1365 2340 1498 2414 Trcct.

155 2465 203 2538 de
229 2461 356 2538 rodat.
388 2489 425 2563 q.
455 2461 495 2551 5,
529 2490 572 2537 a.
606 2465 644 2538 1.
677 2461 966 2539 Animadvertit
1006 2461 1135 2562 itaque
1171 2462 1213 2537 in
1250 2485 1342 2536 casu
1379 2458 1502 2535 multo

153 2582 286 2658 minus
314 2581 409 2682 peti,
440 2606 556 2683 quum
594 2583 747 2658 tautum
776 2581 820 2658 de
857 2581 998 2658 missae
1033 2579 1300 2657 defunctorum
1340 2577 1504 2656 celebra-

157 2703 279 2796 tione,
311 2725 397 2778 cum
425 2703 614 2779 erectione
651 2701 791 2779 tumuli
819 2702 861 2779 in
889 2701 1076 2778 sodalium
1113 2699 1309 2776 funeribus
1342 2701 1496 2800 agatur.

151 2822 282 2911 Quam
310 2821 460 2922 quidem
489 2821 779 2899 celebrationem
798 2823 936 2898 missae
964 2846 1050 2897 cum
1074 2823 1205 2914 cantu,
1227 2822 1341 2920 atque
1362 2818 1501 2895 tumuli

148 2943 346 3019 erectione
375 2942 416 3018 in
445 2941 605 3018 ecclesia
624 2942 871 3018 sodalitatum
899 2941 1107 3045 expletam,
1131 2939 1287 3017 minime
1316 2939 1504 3014 recenseri

152 3067 270 3167 putat
307 3061 411 3138 iuter
452 3063 681 3165 paroeciales
719 3063 959 3156 functiones,
1001 3061 1125 3138 veluti
1153 3060 1194 3137 in
1226 3083 1317 3136 casu
1348 3083 1505 3162 prorsus

154 3182 277 3259 simili
304 3181 434 3259 videre
462 3187 522 3258 est
550 3182 649 3287 apud
678 3180 793 3259 caru.
816 3182 872 3258 De
900 3182 1005 3257 Luca
1022 3180 1082 3258 Dc
1103 3180 1268 3285 paroch.
1301 3179 1394 3254 disc.
1427 3178 1497 3262 31,

157 3333 277 3382 rrum.
308 3307 349 3382 3.

238 3427 311 3504 Sed
338 3427 480 3504 clarius
508 3427 674 3530 idipsum
702 3429 785 3504 erui
813 3428 971 3506 adnotat
999 3453 1047 3504 ex
1072 3425 1336 3502 recentissimo
1354 3423 1504 3499 decreto

157 3549 200 3627 S.
232 3545 329 3626 RR.
362 3549 695 3650 Congregationis,
727 3573 821 3649 quae
849 3553 985 3650 rogata
1013 3547 1081 3623 sub
1108 3546 1169 3622 die
1193 3544 1241 3622 19
1261 3544 1357 3620 Maii
1379 3541 1501 3620 1879:

161 3701 182 3742 ‹
205 3671 271 3746 An
299 3669 413 3746 liceat
440 3671 481 3745 in
501 3669 627 3746 aliena
653 3670 812 3746 ecclesia
831 3676 870 3745 et
889 3668 988 3773 apud
1016 3669 1211 3776 regulares
1240 3671 1395 3743 cantare
1414 3667 1507 3741 mis-

153 3815 243 3868 sam
272 3791 319 3864 dc
346 3797 491 3891 requie,
522 3815 635 3891 quam
662 3789 791 3866 fideles
821 3789 1002 3866 celebrari
1031 3792 1167 3892 petunt
1194 3813 1262 3892 pro
1285 3787 1505 3890 parentibus

159 3911 224 3987 vel
253 3908 386 3986 amicis
405 3909 610 4005 defunctis,
632 3914 831 4013 postquam
851 3908 1042 3986 funeralia
1060 3911 1100 3985 in
1120 3907 1279 3985 ecclesia
1296 3906 1505 4010 parochiali

160 4031 357 4134 persoluta
383 4031 543 4125 fuerint,
575 4031 728 4108 etiamsi
756 4031 872 4107 missa
899 4030 1109 4133 exequialis
1128 4030 1170 4105 in
1190 4028 1350 4105 ecclesia
1377 4052 1507 4130 paroe-

158 4153 252 4229 ciali
272 4177 350 4230 uon
369 4153 594 4250 celebretur,
615 4151 833 4255 respondit:
870 4180 887 4223 r
910 4151 1166 4253 affirmante,
1190 4155 1353 4225 seruulis
1374 4161 1506 4224 tumeo

165 4276 420 4350 rubricarum
449 4275 654 4376 regulis.»
686 4272 721 4348 A
751 4271 902 4347 fortiori
930 4295 1021 4372 ergo
1049 4269 1086 4345 id
1118 4269 1412 4361 admittendum,
1445 4269 1508 4344 dc-

162 4393 266 4470 ducit
294 4397 438 4487 orator,
473 4417 539 4496 pro
568 4391 885 4469 confraternitate
904 4392 995 4466 dum
1024 4389 1159 4466 funera
1186 4389 1371 4466 sodalium
1394 4389 1507 4465 iuxta

162 4539 268 4592 suam
298 4514 583 4590 institutionem
611 4513 740 4615 explet
768 4514 809 4587 in
837 4511 988 4614 proprio
1018 4511 1156 4587 sacello
1183 4513 1227 4587 ab
1255 4508 1414 4585 ecclesia
1441 4535 1510 4612 pa-

163 4634 318 4713 roeciali
346 4658 501 4738 prorsus
530 4633 724 4710 distincto.
