3672 5216
776 285 895 336 nonus
1444 267 1500 334 uo

168 396 241 466 tres
269 413 387 466 annos
416 413 502 464 cum
530 389 684 466 dimirlio
714 415 867 466 munere
897 414 964 466 suo
994 389 1149 465 functus
1185 393 1273 482 est,
1305 387 1369 464 sed
1397 387 1501 464 ultra

167 534 381 613 permanere
414 509 609 609 nequiuit,
642 510 730 612 quia
768 509 915 586 familia
943 509 1239 586 Observantiurn
1267 512 1398 584 coacta
1426 507 1501 585 fuit

164 631 418 732 derelinquere
438 636 583 732 partem
604 631 790 728 civitatis,
819 631 859 707 in
883 634 1058 732 quaerat
1078 631 1368 707 lllonasteriunr.
1401 631 1500 706 Dum

166 751 419 855 Superiorissa
446 777 531 829 cum
564 753 752 830 sororibus
789 757 1037 854 exposcerent
1070 751 1192 828 adbuc
1221 752 1267 826 P.
1292 751 1425 845 Baldi,
1458 776 1500 828 eo

167 872 285 974 magis
314 874 402 972 quia
429 873 725 950 aedificaverant
757 873 855 977 apud
884 873 1160 950 Monasteriunr
1192 873 1428 974 Hospitium,
1458 874 1500 950 in

166 1017 234 1094 quo
261 993 395 1094 <legere
424 997 550 1097 posset
580 994 725 1070 familia
754 993 947 1070 illinorum
978 993 1287 1086 observantium,
1310 993 1389 1069 dati
1419 994 1501 1070 fue-

166 1119 256 1192 runt
291 1115 364 1190 duo
398 1114 473 1189 viri
507 1114 778 1208 ecclesiastici,
810 1113 874 1214 qui
904 1140 1105 1218 parumper
1140 1121 1433 1217 permanserunt
1461 1116 1501 1192 in

165 1235 284 1312 officio
321 1233 458 1311 eisdem
497 1235 541 1311 ab
571 1235 759 1312 Antistite
796 1233 961 1326 credit0;
994 1237 1032 1310 et
1060 1235 1177 1310 Pater
1215 1233 1323 1310 ssalui
1360 1233 1501 1310 iterum

165 1359 336 1462 ‹leputari
365 1357 411 1432 ad
439 1355 602 1432 officium
632 1355 853 1433 confessarii
878 1356 1065 1457 nequivit,
1089 1356 1178 1456 quia
1197 1355 1501 1433 Constitutiones

166 1478 299 1556 barum
331 1477 595 1578 religiosarum
629 1477 728 1554 hund
767 1478 924 1569 sinunt,
955 1476 1168 1578 regularem
1207 1476 1315 1578 fungi
1344 1501 1501 1554 munere

165 1599 385 1677 confessarii
413 1598 610 1674 ordinarii.

245 1722 380 1798 ltirlem
400 1720 597 1796 enarravit
612 1721 882 1823 Superiorissa,
900 1745 948 1796 ex
964 1725 1084 1796 morte
1101 1719 1281 1797 Canonici
1299 1719 1498 1812 Casarosa,

165 1841 224 1919 rlie
253 1842 277 1920 7
306 1841 440 1918 Martii
464 1841 566 1917 1892
594 1842 765 1917 amisisse
781 1841 1058 1918 lllonusterium
1077 1845 1222 1944 patrem
1245 1840 1498 1943 spiritualem.

166 1963 384 2066 lleligiosae
399 1963 445 2038 ad
461 1963 530 2039 sibi
547 1963 815 2040 vindicandum
832 1964 891 2039 ius
906 1961 1072 2064 eligendi
1086 1966 1232 2066 patrem
1247 1962 1498 2065 spiritualem,

164 2085 276 2159 iuxta
296 2083 467 2186 proprias
495 2084 801 2177 constitutiones
824 2087 902 2160 tres
924 2088 1198 2186 proposuerunt
1222 2083 1435 2177 canonicos
1458 2087 1502 2160 ut

169 2232 216 2282 ex
247 2205 308 2280 his
329 2229 427 2280 unus
457 2203 722 2281 institueretur
742 2204 789 2280 ad
817 2205 886 2281 lroc
907 2229 1046 2280 munus
1070 2204 1114 2280 ab
1135 2204 1340 2297 Antistite;
1371 2205 1430 2280 uic
1453 2230 1501 2280 ex

166 2327 324 2402 rulvcrso
354 2325 547 2428 proposuit
570 2326 599 2398 p
608 2325 764 2401 icarium
785 2324 1018 2428 generalem3
1051 2324 1113 2400 serl
1144 2324 1374 2427 prospiciens
1401 2325 1501 2400 baud
1603 2377 1606 2383 -

166 2444 327 2522 libenter
354 2445 512 2520 eundem
541 2445 679 2549 excipi,
711 2450 803 2521 tunc
831 2445 988 2522 arbitrio
1018 2445 1167 2547 proprio
1194 2445 1398 2520 constituit
1427 2445 1502 2521 Oa-

165 2567 341 2644 nonicum
370 2564 480 2642 Ghisi
509 2565 549 2642 in
577 2572 723 2669 patrem
752 2565 1005 2670 spiritualem.
1047 2566 1254 2668 Deputatio
1283 2565 1373 2642 haec
1403 2565 1501 2642 lraurl

163 2668 295 2764 arrisit
324 2687 570 2779 Monialibus;
595 2687 727 2788 quibus
749 2688 981 2780 innotuerat,
1005 2685 1238 2764 Canonicum
1259 2687 1384 2780 Gbisi,
1407 2687 1502 2763 ami-

162 2835 248 2886 cum
279 2808 433 2884 Vicario
462 2808 654 2902 Generali,
687 2809 799 2884 istius
827 2807 1011 2883 desiderio
1039 2811 1078 2883 et
1107 2807 1337 2908 praeiudicia
1366 2808 1502 2885 habere

163 2929 391 3006 communia.
424 2927 536 3004 llisco
566 2930 605 3004 in
634 2928 823 3006 adiunctis
842 2931 990 3008 censuit
1010 2929 1265 3033 Superiorissa
1292 2955 1370 3006 rem
1399 2931 1464 3006 rlef
1483 2976 1501 2988 -

165 3051 319 3127 rendam
348 3075 429 3126 esse
457 3049 595 3126 iudicio
617 3050 857 3153 Apostolicae
878 3050 997 3144 Sedis,
1022 3055 1065 3126 ut
1084 3077 1158 3154 pax
1183 3055 1221 3126 et
1241 3049 1502 3152 tranquillitas

165 3172 433 3247 restitueretur
460 3173 702 3248 conscientiis
732 3172 850 3248 totius
880 3171 1190 3250 Communitatis.

553 3363 839 3449 Disceptatio
864 3365 1114 3448 synoptico

246 3536 442 3614 Daunusro
460 3536 774 3616 ltanrorosnuuu.
797 3537 927 3626 Quoad
946 3539 1109 3642 primum
1129 3538 1296 3634 dubium,
1314 3567 1361 3618 ex
1381 3542 1502 3620 tribus

165 3658 204 3734 in
232 3658 336 3735 calce
364 3657 561 3762 expositis
593 3663 769 3735 autumat
798 3659 1066 3762 Superiorissa,
1100 3685 1212 3763 penes
1241 3687 1280 3738 se
1308 3667 1347 3739 et
1371 3688 1503 3740 conso-

165 3803 282 3871 rores,
302 3779 413 3854 iuxta
427 3776 721 3856 constitutiones
737 3778 906 3872 Ordinis,
920 3805 1001 3855 esse
1016 3780 1075 3855 ius
1090 3780 1254 3882 eligendi
1269 3783 1500 3860 ordinarium

165 3897 466 3993 confessarium,
498 3923 607 4000 quem
637 3900 812 3976 Antis-tes
847 3901 1042 4003 approbat,
1074 3902 1220 4002 quoties
1253 3903 1292 3978 in
1321 3903 1502 3982 eiusmodi

164 4021 348 4097 electione
377 4025 557 4123 appareat
585 4024 758 4097 serratas
787 4019 904 4096 fuisse
934 4022 1085 4122 regulos
1116 4024 1381 4126 praescriptas.
1427 4027 1502 4102 Ast

165 4141 299 4218 electio
334 4141 463 4218 Patris
497 4139 621 4236 ualui,
653 4141 845 4235 adiicitur,
864 4141 997 4218 taliter
1032 4142 1133 4218 facta
1165 4141 1255 4238 luit,
1292 4169 1381 4247 ergo
1414 4173 1501 4223 con-

165 4261 337 4362 sequitur
366 4261 410 4337 ob
439 4261 627 4338 Antistite
655 4263 881 4365 probandam
910 4263 1106 4356 esse,'nisi
1137 4265 1350 4366 posthaberi
1378 4268 1503 4344 velint

165 4381 458 4458 constitutiones
487 4381 781 4460 Salesianarum.

245 4501 288 4578 ln
318 4502 489 4578 themate
516 4527 621 4596 voro,
649 4487 917 4604 obligationem
947 4505 1244 4610 Archiepiscopi‚
1266 4509 1387 4609 quoad
1414 4535 1503 4587 con·

166 4617 419 4698 firmationem
447 4622 576 4700 Patris
605 4623 743 4719 Baldi,
774 4623 954 4702 maiorem
991 4651 1072 4703 esse
1107 4628 1284 4730 arguitur
1317 4655 1364 4706 ex
1398 4629 1498 4712 facto
