3694 5230
675 280 830 325 nrrsrotn
852 278 1033 324 tueremur
1468 259 1527 322 tut
1598 287 1604 302 =

170 381 393 469 exemplar!
419 400 517 469 quae
540 380 725 450 societatis
750 379 979 449 domesticae
1002 379 1156 447 omnino
1179 374 1341 466 perfecta
1361 377 1522 465 species!

173 488 406 576 Simplicitas
428 487 477 556 ibi
500 505 653 558 morum
677 492 713 556 et
735 485 895 573 candor;
926 487 1142 555 animorum
1165 490 1347 575 perpetua
1371 504 1527 555 consen·

171 598 251 685 sio;
280 595 384 666 nulla
407 593 547 664 ordinis
570 594 816 683 perturbatio;
848 593 1086 663 observantia
1110 577 1260 680 mutum
1296 611 1404 662 amor
1428 591 1526 662 deni·

174 723 266 792 que,
290 720 367 771 non
391 700 450 770 ille
471 700 620 770 fucatus
644 705 679 770 et
700 700 879 785 mendax,
903 702 972 770 sed
996 701 1061 788 qui
1084 698 1294 770 officiorum
1311 700 1525 770 assiduitate
1594 783 1595 790 ἵ

176 812 325 898 integre
348 809 490 898 vigens,
514 808 575 878 vel
598 808 729 878 oculos
752 807 975 877 intuentium
999 807 1130 895 rapiat.
1154 807 1229 876 Illic
1248 807 1357 878 datur
1372 809 1526 896 quidem

171 917 350 988 studium
373 934 417 986 ea
440 915 610 1003 parando
635 933 733 1002 quae
756 914 996 1002 suppeditent
1017 914 1067 984 ad
1091 913 1231 984 victum
1254 918 1291 984 et
1305 913 1464 1001 cultum3
1489 913 1526 982 id

178 1043 273 1095 vero
296 1023 335 1092 in
357 1021 496 1092 sudore
519 1021 669 1107 orcitus,
687 1025 723 1092 et
744 1027 786 1091 ut
808 1022 857 1091 ab
881 1023 945 1108 eis,
973 1023 1046 1110 qui,
1070 1040 1190 1110 parvo
1206 1021 1376 1109 contenti,
1402 1010 1545 1108 potius

173 1134 298 1221 agant
326 1134 368 1200 ut
397 1130 522 1198 minus
554 1131 704 1218 egeant,
736 1147 853 1218 quam
885 1130 1039 1218 utplus
1071 1129 1243 1199 habeant.
1284 1127 1406 1216 Super
1432 1128 1527 1197 haec

172 1239 319 1325 omnia,
342 1255 496 1306 summa
512 1235 758 1323 tranquillitas
775 1235 920 1322 mentis
946 1253 1015 1323 par
1031 1234 1146 1305 animi
1162 1234 1295 1304 laetitia
1300 1253 1310 1321 3
1335 1252 1434 1321 quae
1449 1233 1525 1302 duo

173 1350 279 1416 recte
303 1343 488 1414 tactorum
507 1343 773 1414 conscientiam
798 1361 998 1430 nunquam
1015 1361 1092 1411 non
1107 1343 1342 1412 comitantur.
1365 1379 1410 1390 -
1433 1343 1528 1422 Qua-

171 1470 266 1521 rum
290 1449 467 1538 exempla
490 1450 680 1538 virtutum,
704 1449 912 1520 modestiae
936 1450 1114 1518 nimirum
1139 1467 1185 1519 ac
1208 1446 1455 1535 demissionis,
1480 1446 1528 1517 la·

173 1558 319 1632 borum
343 1557 560 1627 tolerantiae
585 1561 621 1625 et
642 1557 680 1625 in
697 1556 791 1626 alios
813 1557 1106 1644 benevolentiae,
1131 1555 1341 1645 diligentiae
1358 1555 1528 1625 tenuium

176 1662 396 1734 officiorum
419 1682 518 1752 quae
541 1667 631 1732 sunt
652 1664 690 1731 in
714 1663 935 1752 quotidiana
952 1663 1043 1750 vita,
1076 1667 1200 1734 cetera
1223 1664 1381 1732 demum
1404 1681 1530 1733 exem·

175 1769 255 1857 pla,
279 1770 393 1839 simul
417 1775 529 1858 atque
553 1770 810 1857 concipiantur
833 1771 976 1841 sensim
1000 1771 1135 1841 animis
1159 1770 1307 1858 alteque
1330 1769 1523 1856 insideant,

174 1877 327 1946 sensim
358 1875 523 1965 protecto
555 1877 591 1945 in
616 1877 670 1947 eis
693 1881 816 1963 optata
841 1877 1083 1947 consiliorum
1114 1896 1343 1966 morumque
1372 1875 1528 1946 mutatio

177 1984 340 2053 eveniet.
379 1985 477 2053 Tum
501 2003 571 2053 sua
595 1983 731 2071 cuique
756 2003 927 2072 munera,
951 2003 1195 2074 nequaquam
1219 1985 1397 2073 despecta
1419 1988 1529 2053 erunt

177 2095 219 2161 et
241 2089 415 2178 molesta,
439 2090 508 2160 sed
531 2095 637 2179 grata
661 2092 785 2177 potius
808 2095 844 2160 et
867 2090 1112 2161 delectabilia:
1148 2089 1277 2178 atque,
1302 2089 1529 2159 iucunditate

179 2199 351 2286 quadam
375 2217 541 2286 aspersa,
567 2197 715 2267 enixius
739 2197 789 2267 ad
811 2197 930 2285 probe
954 2199 1144 2286 agendum
1168 2197 1395 2268 conscientia
1419 2197 1530 2267 officii

179 2304 330 2374 valebit.
355 2307 412 2374 Ex
429 2323 473 2373 eo
490 2323 618 2374 mores
641 2305 678 2372 in
696 2323 830 2374 omnes
846 2309 973 2392 partes
987 2305 1195 2391 mitescent
1229 2303 1433 2376 domestica
1450 2323 1533 2372 con·

184 2412 295 2481 victio
317 2413 356 2479 in
380 2430 511 2481 amore
534 2415 571 2482 et
593 2411 734 2480 deliciis
753 2411 836 2497 erit;
861 2429 956 2480 usus
972 2427 1060 2480 curn
1076 2411 1209 2480 ceteris
1233 2411 1319 2498 plus
1334 2411 1452 2480 multo
1469 2412 1530 2482 ba-

182 2519 287 2588 bebit
301 2519 470 2588 sincerae
486 2518 748 2589 observantiae
763 2523 799 2589 et
814 2519 986 2588 caritatis.
1011 2519 1115 2598 Quae
1131 2518 1294 2606 quidem,
1311 2536 1361 2587 ex
1377 2519 1529 2589 homine

177 2625 377 2714 singulari,
401 2627 433 2694 si
449 2625 521 2695 late
536 2626 572 2694 in
588 2624 757 2713 familias,
775 2626 812 2694 in
828 2625 1002 2712 civitates
1018 2625 1055 2693 in
1072 2625 1294 2695 universum
1311 2625 1529 2713 quempiam

179 2732 370 2821 populum
393 2732 654 2819 traducantur,
686 2738 728 2802 ut
750 2733 799 2802 ad
824 2733 918 2803 haec
940 2733 1103 2802 instituta
1130 2731 1374 2802 moderentur
1397 2732 1531 2820 vitam;

179 2843 326 2927 quanta
361 2838 447 2909 inde
486 2839 712 2927 reipublicae
751 2841 1005 2909 emolumenta
1045 2840 1119 2909 sint
1154 2839 1384 2927 obventura,
1424 2857 1529 2926 aper-

184 2949 269 3015 tum
293 2950 360 3015 est.

276 3052 458 3139 Alterum,
483 3071 576 3122 sane
592 3050 901 3139 funestissimum,
925 3053 962 3121 in
979 3071 1055 3140 quo
1071 3051 1304 3139 deplorando
1321 3051 1423 3119 nimii
1438 3071 1531 3120 nun-

179 3177 306 3245 quam
328 3159 459 3246 simuS,
484 3177 531 3229 eo
554 3159 641 3247 quia
666 3159 775 3230 latius
798 3159 932 3228 indies
956 3159 1195 3247 deteriusque
1218 3157 1356 3228 inliciat
1371 3159 1528 3243 animos

181 3264 272 3333 illud
300 3270 365 3351 est,
391 3283 568 3336 recusare
592 3266 771 3354 dolorem,
796 3266 957 3336 adversa
975 3271 1011 3338 et
1026 3266 1278 3337 duraacriter
1297 3265 1531 3353 propulsare.

182 3371 279 3441 Pars
303 3372 405 3442 enim
430 3371 626 3441 hominurn
652 3374 821 3443 maxima
836 3373 1075 3461 tranquillam
1092 3373 1307 3444 animorum
1324 3372 1529 3442 libertatem

180 3496 261 3546 non
286 3478 363 3547 iam
386 3479 441 3547 sic
464 3479 611 3566 habent,
637 3485 678 3549 ut
701 3484 856 3568 oportet,
881 3483 1077 3567 tamquam
1100 3480 1313 3567 praemium
1336 3479 1380 3548 iis
1398 3497 1531 3567 propo

177 3583 298 3652 situm
330 3585 394 3671 qui
418 3586 562 3655 virtutis
592 3585 797 3676 fungantur
828 3605 1002 3674 munere,
1034 3587 1083 3657 ad
1109 3586 1275 3674 pericula
1306 3585 1531 3656 adlabores

185 3689 326 3758 invicti:
358 3692 427 3760 sed
450 3693 742 3763 commentitiam
767 3692 974 3781 quamdam
1005 3693 1159 3764 civitatis
1183 3691 1448 3780 perfectionem
1471 3712 1532 3761 co-

178 3795 310 3883 gitant,
336 3795 373 3863 in
397 3814 489 3885 qua,
516 3799 618 3867 omni
640 3800 784 3887 ingrata
808 3817 849 3868 re
872 3799 1066 3890 submota,
1092 3797 1283 3868 cumulata
1307 3799 1355 3868 sit
1377 3797 1532 3868 delecta·

183 3903 331 3971 tionum
355 3904 468 3973 huius
491 3904 588 3974 vitae
612 3905 835 3992 complexio.
861 3905 978 3974 Porro
1003 3923 1052 3974 ex
1074 3908 1153 3974 tam
1175 3905 1251 3974 acri
1275 3903 1531 3992 effrenataque

181 4119 217 4185 si
241 4135 320 4185 non
344 4119 492 4205 penitus
516 4118 709 4206 excidunt,
746 4123 784 4189 at
813 4122 1040 4189 enervantur
1067 4123 1210 4206 tantem
1239 4123 1281 4188 ut
1302 4119 1399 4189 vitae
1422 4119 1532 4190 malis

186 4223 330 4294 abiecte
359 4225 494 4295 cedant
524 4226 857 4313 miserabiliterque
885 4227 1145 4295 succumbant.
1179 4263 1226 4277 —
1259 4227 1300 4294 ln
1324 4228 1397 4296 hoc
1420 4226 1531 4296 eliam

187 4329 412 4418 discrimine,
437 4331 643 4419 plurimum
660 4331 813 4420 quidem
830 4333 912 4419 opis
927 4334 976 4403 ad
991 4333 1142 4420 spiritus
1158 4331 1395 4402 roborandos
1415 4331 1529 4419 (tanta

184 4435 354 4524 exempli
377 4439 579 4508 auctoritas
603 4436 670 4524 est)
701 4457 752 4507 ex
782 4439 927 4508 mariali
957 4439 1116 4508 Rosario
1147 4439 1338 4526 expectari
1365 4439 1461 4528 licet;
1500 4439 1532 4508 si

134 4575 136 4578 ·
184 4542 366 4631 dolentia,
394 4564 493 4633 quae
516 4549 708 4632 vocantur,
733 4543 930 4632 mysterio,
959 4545 1020 4615 vel
1042 4566 1064 4616 a
1088 4545 1219 4634 primis
1243 4565 1452 4634 puerorum
1474 4567 1534 4617 ae·
