3672 5216
688 281 923 328 ussxxuonmx
1419 265 1477 328 109

213 383 335 458 Porro
363 382 522 458 adnotat
550 383 782 458 sententiam
801 383 845 458 de
869 409 942 485 qua
961 384 1110 484 agimus
1138 384 1193 459 nil
1222 383 1325 460 aliud
1353 383 1478 461 decla-

136 525 237 578 rasse
265 527 379 602 quam
416 505 586 604 spectare
618 502 699 577 «in
729 502 836 577 modo
872 504 1041 580 assoluto
1069 509 1108 578 et
1143 504 1434 581 incontestabila
1454 535 1475 577 s

135 623 178 700 al
208 624 419 726 paroeciam
447 624 487 701 S.
516 625 670 700 loannis
698 633 822 700 totum
850 626 1086 701 territorium
1116 626 1242 701 rurale
1261 625 1357 726 quod
1386 625 1477 702 olim

136 745 327 846 spectabat
355 745 402 819 ad
429 744 640 846 paroeciam
671 743 710 820 S.
744 745 956 823 Laurentii.

213 863 389 943 Ulterius
417 865 609 955 observat,
631 866 672 940 vi
691 865 833 941 decreti
852 866 1195 943 dismembrationis
1214 872 1254 941 et
1272 866 1478 942 erectionis

136 1009 255 1060 novae
283 985 491 1088 paroeciae,
522 986 729 1088 parochurn
759 985 799 1062 S.
831 987 985 1063 Ioannis
1008 987 1125 1063 luisse
1154 989 1400 1088 subrogatum
1420 988 1480 1063 al-

136 1106 275 1182 teriS.
308 1106 504 1184 Laurent'
462 1112 522 1182 t.11
565 1107 685 1183 Porro
712 1108 1057 1210 compertissimum
1091 1135 1171 1184 essa
1199 1109 1314 1199 dicit,
1346 1111 1479 1222 subro-

136 1231 201 1328 gat
203 1251 265 1301 um
296 1227 529 1303 succedere
521 1253 560 1303 m
588 1229 760 1304 omnibus
791 1228 936 1304 iuribus
965 1227 1179 1329 privilegus
1207 1235 1246 1304 e
1274 1214 1478 1330 praeroga-

135 1346 227 1422 tivis
256 1347 520 1449 subrogant,
465 1373 496 1423 rs
553 1348 675 1424 veluti
665 1353 774 1424 rtce
775 1348 850 1424 eris
888 1348 1035 1441 missiS,
1076 1349 1170 1450 legit
1153 1354 1217 1424 tur
1245 1348 1286 1424 in
1313 1347 1401 1425 Orit
1386 1355 1479 1424 tana

135 1465 292 1542 larana
328 1408 622 1570 pnroclu'db'uru
657 1471 745 1544 dr'er'.
769 1469 826 1548 22
859 1469 1095 1571 Sarranum·
1128 1470 1252 1554 1877,
1284 1473 1308 1568 ξ
1345 1469 1477 1545 Stolue

137 1613 243 1664 usus.
286 1587 383 1665 Cum
421 1590 543 1691 igitur
571 1591 610 1665 in
639 1579 833 1666 territorio
865 1591 1050 1666 existenti
1084 1596 1196 1666 extra
1232 1591 1386 1667 ianuam
1417 1590 1479 1666 Ia-

135 1733 314 1784 nuensem
343 1709 434 1785 olim
463 1711 763 1788 iurisdictionem
785 1710 958 1786 habuerit
977 1710 1162 1814 parochus
1192 1710 1231 1787 S.
1256 1711 1471 1805 Laurentii,

134 1829 188 1906 ait
216 1836 360 1923 orator,
391 1856 476 1907 eam
504 1831 612 1906 modo
639 1831 685 1908 ad
714 1832 959 1932 subrogatum
988 1831 1193 1934 parochum
1223 1831 1436 1907 devenisse.

213 1951 284 2026 Sed
313 1955 409 2052 quod
440 1952 562 2028 maius
590 1957 664 2044 est,
695 1952 870 2028 accedere
899 1957 1010 2054 putat
1042 1952 1325 2029 observantiam
1355 1977 1478 2028 anno-

134 2095 215 2146 rum
248 2074 452 2174 sexaginta
471 2078 511 2149 et
529 2073 634 2149 ultra
662 2073 824 2176 parocho
853 2073 892 2149 S.
917 2073 1069 2150 loannis
1089 2073 1243 2150 omnino
1263 2073 1471 2150 faventem.

134 2191 327 2278 Quantam
347 2218 437 2269 vero
456 2195 526 2270 sibi
545 2180 589 2269 ea
608 2195 777 2269 vindicet
795 2195 1063 2270 auctoritatem
1085 2217 1159 2269 non
1179 2200 1238 2269 est
1257 2217 1326 2270 cur
1342 2194 1477 2270 multis

132 2307 316 2404 dicamne,
348 2337 433 2388 cum
462 2313 499 2390 id
527 2313 761 2389 tralatitium
791 2313 832 2389 in
861 2313 944 2389 iure
964 2314 1030 2388 sit.
1055 2314 1160 2390 llota
1179 2314 1258 2387 dcc.
1285 2313 1364 2388 162
1385 2315 1477 2388 ru?

125 2443 236 2534 part.
262 2433 317 2512 10
344 2441 443 2508 r'uler·
463 2445 601 2508 r'acoul.
625 2434 820 2510 Lolterius
841 2433 1094 2531 Ilercaones.
1120 2436 1183 2508 lr'b.
1202 2433 1230 2508 2
1250 2446 1396 2534 procreat.
1424 2435 1473 2508 11

133 2577 247 2628 aaron.
283 2554 362 2628 123
389 2559 428 2630 et
448 2555 502 2630 De
530 2556 634 2630 Luco
662 2555 719 2629 Da
748 2545 939 2658 l'ru·epulr·.
970 2557 1042 2630 de's.
1066 2556 1120 2628 60
1140 2581 1180 2630 rr.
1204 2558 1244 2628 t).
1268 2553 1365 2630 Elam
1384 2577 1478 2629 vero

133 2675 256 2776 magis
286 2673 493 2752 faciendam
522 2701 604 2750 esse
633 2675 781 2766 recolit,
813 2677 845 2751 si
875 2677 996 2751 veluti
1026 2676 1066 2751 in
1096 2676 1285 2768 themate,
1317 2676 1370 2751 sit
1400 2676 1475 2775 legi

132 2795 374 2898 proximaret
401 2819 555 2888 coaeva,
588 2797 697 2872 iuxta
724 2795 922 2872 Pitonium'
951 2795 1118 2896 Dr'scrpt.
1150 2795 1238 2870 cccl.
1262 2797 1356 2872 rb'sc.
1377 2797 1474 2880 159,
1507 2789 1509 2794 ’
1614 2878 1619 2888 ,

134 2945 174 2992 rr.
206 2921 261 2992 ll
295 2923 334 2994 et
366 2918 406 2995 S.
439 2919 583 3022 Congr.
621 2919 783 2997 Consilii
815 2929 851 2995 ln
888 2920 1104 2995 Carr‘rrr'olerr
1139 2919 1477 3022 Iri-lmphatalr'oru's·

135 3041 155 3112 l
185 3040 336 3142 Aprilis
367 3039 473 3113 1876
501 3043 526 3140 ἓ
558 3040 666 3114 (bru.
701 3041 874 3117 lamvero
894 3042 933 3117 in
962 3065 1051 3116 casu
1081 3041 1360 3116 observantiam
1391 3039 1476 3115 din-

132 3161 240 3237 turni
256 3145 450 3262 ,temporis
479 3161 691 3262 proximam
718 3166 757 3237 et
784 3185 966 3238 coaevam
995 3161 1067 3264 ipsi
1096 3161 1298 3237 erectionis
1325 3159 1477 3236 decreto

131 3306 267 3358 revera
293 3287 441 3373 extare,
473 3279 601 3380 colligi
630 3285 808 3358 autumat
836 3307 884 3358 ex
912 3283 996 3384 ipsa
1030 3282 1237 3357 sententia.
1269 3280 1412 3367 Quibus
1441 3282 1473 3356 si
1587 3351 1592 3358 .

131 3401 293 3478 addatur
335 3425 435 3476 anno
472 3399 573 3477 1857
610 3405 780 3478 eamdem
812 3401 891 3477 fere
929 3403 1228 3478 controversiam
1257 3425 1280 3474 a
1311 3399 1477 3502 parocho

132 3524 172 3600 S.
203 3522 405 3601 Laurentii
432 3521 651 3596 derelictam
681 3522 799 3598 fuisse
830 3525 915 3623 post
943 3523 1109 3598 rationes
1128 3548 1151 3596 a
1170 3519 1332 3623 parocho
1352 3521 1391 3597 S.
1416 3521 1477 3595 Io-

131 3645 244 3721 annis
272 3644 398 3720 curiae
426 3641 585 3732 oblatas,
612 3667 671 3717 res
700 3642 741 3718 in
769 3647 855 3718 tuto
883 3643 1006 3745 posita
1033 3642 1175 3718 oratori
1197 3627 1371 3717 videtur.

211 3765 275 3843 Ex
303 3765 374 3840 hac
394 3763 516 3863 igitur
534 3761 790 3854 observantia,
813 3787 907 3863 quae
926 3762 1040 3838 etiam
1060 3787 1109 3837 ex
1128 3762 1280 3838 noviter
1302 3761 1475 3839 deductis

131 3885 457 3965 confirmationem
485 3881 652 3984 accipere
688 3887 836 3976 censet,
868 3882 959 3957 oriri
988 3882 1261 3959 animadvertit
1289 3883 1477 3984 praescri-

132 4009 314 4110 ptionem.
348 4003 467 4081 Porro
494 3999 527 4076 si
556 4003 740 4101 possessio
759 4027 826 4105 per
843 4001 1098 4104 quadraginta
1115 4027 1234 4080 annos
1253 4027 1339 4078 cum
1359 4001 1475 4077 titulo

132 4153 179 4205 ex
206 4155 293 4231 cup.
325 4124 352 4200 I
374 4123 431 4198 Dc
451 4147 628 4224 praescr.
653 4131 694 4195 r‘n
713 4125 756 4208 d,
778 4124 1114 4226 praescriptionem
1142 4121 1304 4215 inducit,
1336 4122 1371 4197 id
1393 4147 1476 4196 ma·

134 4249 190 4348 gis
217 4250 258 4324 in
288 4247 458 4322 themate
487 4241 692 4320 tenendum
712 4269 793 4322 esse
813 4246 883 4320 ait.
915 4244 1044 4344 Neque
1072 4242 1196 4319 valide
1219 4243 1355 4344 opponi
1376 4242 1473 4342 quod

134 4369 226 4446 fines
255 4366 513 4472 paroeciarum
534 4371 613 4446 sint
630 4364 1023 4469 impraescriptibiles3
1055 4389 1145 4440 nam
1180 4363 1241 4438 hic
1268 4363 1398 4464 agitur
1425 4389 1474 4438 cx

137 4493 291 4590 utraque
333 4495 441 4592 parte
469 4489 513 4565 de
541 4488 738 4591 paroecia,
779 4509 984 4586 quaecum
1023 4483 1150 4558 eodem
1184 4483 1265 4558 iure
1303 4483 1471 4573 fruatur,

136 4613 301 4707 quaestio
338 4609 549 4686 dirimenda
575 4615 634 4685 est
662 4607 709 4683 ad
748 4605 942 4683 tramitem
977 4604 1188 4679 communis
1217 4603 1326 4679 iuris
1372 4600 1478 4688 Quo-
