3672 5216
356 227 414 290 roo
909 244 1144 290 nusxnsunrss

354 349 395 424 in
424 371 496 450 quo
524 349 770 449 erigebantur
798 347 1032 425 munitiones
1060 349 1213 428 civitati
1242 353 1561 455 proximiores...
1584 355 1705 434 donec

354 475 503 546 actores
532 475 601 581 aut
628 494 677 544 ex
704 468 784 544 illis
813 471 912 545 alter
942 467 1116 546 formiter
1143 474 1352 550 ostenderit
1381 475 1574 577 propriam
1601 476 1702 554 iuris

353 592 617 693 potioritatem
646 615 759 693 super
786 591 930 666 dictum
958 591 1212 668 territorium.
1621 623 1623 626 ⁴

381 789 384 798 ,
434 713 467 788 Α
496 737 570 814 qua
598 711 790 788 sententia
818 710 1041 813 Capitulum
1071 736 1146 787 una
1173 738 1258 790 cum
1277 715 1442 817 parocho
1457 715 1703 794 Gathedralis

352 837 391 908 et
421 833 595 936 parochis
615 831 655 908 S.
674 830 875 908 Laurentii
894 834 933 905 et
961 829 1001 906 S.
1024 831 1235 908 Alexandri
1254 831 1548 937 appellationem
1578 838 1705 914 inter·

352 954 480 1058 posuit
508 953 607 1056 apud
635 951 674 1029 S.
706 951 854 1028 Sedem.

737 1219 1024 1302 Disceptatio
1048 1217 1301 1305 synopuoa

430 1431 625 1506 Dnnnssro
654 1427 844 1504 Carnum
873 1453 920 1504 nr
941 1451 1206 1506 rnnoouonun
1226 1433 1300 1504 etc.
1324 1429 1399 1517 Qui
1419 1434 1592 1506 actorum
1612 1431 1703 1507 iura

350 1547 492 1624 tuenda
520 1548 686 1650 suscepit
715 1551 826 1650 putat
854 1548 1047 1650 inprimis
1067 1549 1299 1626 sententiam
1320 1554 1453 1626 contra
1473 1551 1695 1627 iudiciorum

307 1759 311 1766 Ι
351 1665 454 1766 leges
483 1665 602 1744 fuisse
630 1667 765 1761 latam,
797 1667 934 1770 quippe
962 1692 1057 1769 quae
1084 1670 1357 1772 possessionem
1387 1671 1615 1748 servandam
1630 1669 1700 1747 ad·

349 1787 531 1862 versariis
559 1785 778 1879 decernens,
810 1787 1125 1880 controversiam,
1157 1793 1307 1890 praeter
1335 1789 1372 1863 id
1391 1789 1489 1890 quod
1508 1790 1548 1866 in
1568 1789 1695 1868 libello

241 1958 247 1966 ·
348 1906 586 2008 postulatum
614 1906 755 2001 fuerat,
786 1907 827 1983 in
856 1907 1035 2010 petitorio
1063 1908 1219 1984 minime
1247 1909 1420 1985 resolvit.
1443 1909 1702 1986 Animadver-

348 2028 399 2102 tit
428 2038 624 2129 praeterea
651 2052 719 2132 pro
748 2027 902 2104 urbanis
931 2027 1107 2130 parochis
1135 2029 1401 2106 vehementem
1420 2031 1701 2135 praesumptio-

347 2169 436 2222 nem
464 2145 659 2240 dimioare‚
690 2146 747 2222 ita
775 2150 819 2223 ut
848 2147 880 2222 si
910 2171 1011 2224 nunc
1032 2172 1108 2226 non
1129 2148 1173 2224 de
1194 2151 1274 2226 iure
1295 2155 1447 2226 tantum
1467 2151 1692 2244 constituto,

349 2269 414 2345 sed
443 2273 482 2344 et
511 2269 555 2346 de
575 2270 658 2346 iure
683 2269 954 2344 'constituendo
976 2274 1169 2370 ageretur,
1191 2294 1236 2346 ea
1254 2273 1407 2346 tanturn
1427 2269 1475 2346 ad
1495 2271 1554 2346 ius
1576 2271 1695 2348 trium

347 2389 599 2491 parochorum
634 2390 675 2465 in
704 2393 789 2465 tuto
817 2387 1032 2492 ponendum
1060 2387 1265 2465 sufficeret.
1298 2389 1367 2466 Ait
1407 2393 1524 2482 enim,
1565 2391 1700 2466 novis-

347 2508 444 2588 sima
473 2508 644 2584 aedilicia
672 2533 766 2608 quae
795 2507 835 2583 in
864 2513 1038 2584 extrema
1065 2509 1239 2584 civitatis
1268 2515 1377 2612 parte
1404 2515 1532 2585 erecta
1559 2535 1697 2586 causae

347 2627 820 2734 originempraebuerunt
848 2651 924 2702 non
954 2627 1075 2704 solum
1104 2629 1208 2704 intra
1236 2630 1365 2705 urbem
1401 2637 1535 2705 extare
1577 2629 1641 2706 sed
1669 2656 1693 2705 a

256 2739 259 2744 ¹
345 2752 676 2854 propinquioribus
717 2750 858 2826 ruralis
902 2753 1096 2854 paroeciae
1133 2751 1285 2828 aedibus
1324 2754 1428 2830 ultra
1462 2755 1693 2836 ‚milliarium

344 2877 486 2952 abesse.
519 2875 579 2956 Ad
619 2901 713 2976 quae
746 2875 933 2952 firmanda
966 2877 1236 2952 auctoritatem
1278 2877 1435 2954 invocat
1478 2881 1697 2980 geometrae

346 2995 562 3098 Callegaris
596 3003 635 3070 et
661 2995 817 3099 parochi
847 2994 885 3071 S.
918 2996 1121 3072 Laurentii
1149 3022 1218 3072 nec
1260 3023 1335 3090 non
1362 2983 1571 3075 ⁴chiliarchi
1606 3023 1694 3096 mu·

345 3118 555 3194 ultionibus
583 3115 813 3192 militaribus
843 3115 1041 3218 praefecti,
1073 3119 1136 3218 qui
1167 3121 1356 3194 testatur:
1389 3121 1485 3220 quod
1514 3120 1553 3194 in
1579 3117 1691 3194 char-

343 3243 384 3313 ta
412 3237 669 3313 munitionum
717 3237 960 3337 antiquarum
991 3237 1247 3317 Alexandriae
1294 3243 1452 3316 notatur
1490 3265 1567 3316 una
1604 3244 1694 3316 tan-

343 3365 426 3434 tum
455 3359 587 3434 domus
604 3358 661 3432 wad
689 3358 886 3434 meridiem
914 3365 1062 3461 portae,
1087 3360 1131 3436 de
1151 3362 1385 3462 quaagitur‚
1399 3366 1438 3437 et
1457 3366 1569 3439 extra
1587 3385 1695 3438 moe-

343 3481 421 3555 nia.
453 3481 488 3555 Α
517 3479 675 3554 moeniis
703 3479 823 3554 distat
851 3478 982 3555 domus
1011 3505 1063 3555 m.
1100 3481 1216 3558 1266.

423 3605 699 3680 Verumtamen
729 3629 808 3680 rem
836 3603 1089 3681 deliniendam
1117 3627 1199 3680 esse
1238 3610 1368 3682 censet
1405 3607 1555 3682 decreto
1596 3606 1695 3710 Epi-

343 3725 446 3827 scopi
474 3723 731 3826 d’Angennes
759 3726 861 3800 anni¹
883 3725 1000 3818 1825,
1024 3725 1119 3826 quod
1141 3725 1185 3800 de
1204 3725 1384 3801 districtu
1403 3730 1515 3804 extra
1534 3728 1690 3804 ianuam

341 3845 566 3920 laudensem
593 3845 730 3948 posito,
763 3844 947 3944 loquitur.
999 3847 1125 3946 Atque
1163 3845 1224 3920 hio
1258 3851 1386 3948 putat,
1419 3847 1580 3922 iudicem
1610 3848 1693 3948 pri-

341 3963 393 4039 mi
424 3964 563 4066 gradus
593 3991 615 4039 a
644 3953 809 4040 veritate
838 3965 1047 4058 aberrasse,
1079 3965 1313 4040 cumeneo
1351 3966 1450 4066 quod
1492 3968 1689 4041 asseratur

340 4085 553 4188 praefatam
583 4087 737 4161 ianuam
766 4084 806 4160 in
835 4083 1010 4159 interiori
1039 4085 1164 4186 potius
1195 4110 1307 4186 quam
1337 4085 1374 4160 in
1397 4092 1559 4162 externa
1578 4089 1690 4188 parte

341 4205 475 4298 tuisse,
507 4207 642 4284 intulit
670 4205 1097 4306 ianuaedesignatione
1126 4205 1267 4281 lineam
1295 4207 1547 4284 constitutam
1568 4206 1688 4282 fuisse

339 4351 407 4430 pro
437 4328 601 4403 termino
629 4327 733 4401 inter
760 4326 922 4401 urbanas
951 4327 1143 4428 paroecias
1173 4329 1212 4400 et
1241 4325 1422 4402 ruralem.
1456 4329 1574 4403 Misso
1616 4352 1686 4402 au-

339 4458 418 4527 tem
445 4453 542 4552 quod
572 4453 604 4528 si
633 4451 815 4528 militaris
843 4453 1052 4528 auctoritas
1081 4456 1226 4527 testata
1253 4455 1313 4526 est
1348 4453 1445 4552 quod
1484 4454 1599 4529 ianua
1626 4477 1689 4528 re-

337 4574 554 4676 periebatur
581 4574 623 4649 in
651 4573 796 4649 ambitu
826 4574 1017 4648 moenium
1046 4573 1219 4648 interiori
1240 4571 1395 4649 minime
1420 4575 1560 4652 statuit
1579 4571 1686 4648 illius
