3674 5264
369 285 410 347 aa
896 303 938 350 ux
961 303 987 348 s,
1012 305 1042 348 c.
1067 301 1189 348 nrruurr

368 403 539 490 debeant,
565 404 717 492 quando
742 409 839 474 retro
863 409 948 491 post
971 404 1086 474 altare
1109 407 1203 474 situs
1227 411 1291 474 est·
1316 406 1474 491 chorus;
1499 403 1585 473 hinc
1609 406 1707 474 utin
1747 423 1750 432 ·

368 510 502 580 iisdem
526 509 760 599 exequendis
783 511 914 580 ritibus
938 513 1150 581 necessaria
1175 513 1306 582 haberi
1328 509 1707 599 possit'uniiormitas

368 617 576 704 quaeritur:
601 621 660 686 An
684 618 873 706 dispositio
898 619 1043 688 Decreti
1065 618 1227 688 Lineien.
1250 619 1486 708 intelligenda
1502 619 1626 690 veniat
1648 617 1709 688 ab·

368 722 501 808 solute,
528 745 577 794 an
601 729 747 794 tantum
770 723 839 792 sub
863 723 1089 814 quibusdam
1113 724 1312 794 limitibus?

458 831 575 900 Porro
600 831 717 902 Sacra
740 834 894 902 Rituum
919 834 1188 921 CongregatiO,
1225 835 1410 922 exquisito
1446 841 1532 904 voto
1556 835 1709 906 alterius

369 954 420 1006 ex
431 939 551 1024 Apost
537 939 733 1010 tolicarum
745 941 1076 1010 caeremoniarum
1089 941 1284 1030 magistris,
1299 960 1340 1011 re
1353 945 1431 1012 mat
1433 961 1499 1012 ure
1512 959 1707 1030 perpensa,

369 1045 653 1116 rescribendum
678 1047 836 1134 censuit;
866 1046 1004 1136 Nepet
990 1067 1047 1116 roe
1070 1047 1123 1118 ad
1141 1048 1325 1138 primum,
1345 1048 1536 1138 qffirmot
1522 1067 1578 1117 roe
1593 1047 1699 1118 acti
1660 1068 1711 1116 α-

366 1155 511 1237 t;ernm
527 1157 564 1222 et
550 1151 638 1222 tad
660 1173 745 1223 men
749 1159 832 1223 t.em
856 1157 965 1227 Mens
988 1177 1039 1225 au
1040 1161 1117 1226 tem
1132 1164 1198 1244 est,
1216 1164 1258 1228 ut
1244 1157 1501 1228 t'Decretum
1493 1174 1530 1224 1n
1547 1155 1709 1226 Lincien

369 1258 418 1327 ad
442 1260 537 1328 Dub.
562 1261 651 1328 XIV
675 1261 823 1351 intelligi
846 1263 980 1333 debeat
1004 1265 1051 1333 de
1076 1235 1349 1334 communione
1366 1265 1610 1336 ministranda
1635 1269 1714 1334 tan-

369 1371 452 1435 tum
475 1371 580 1436 extra
606 1367 896 1440 celebrationem
919 1373 1058 1440 Missae
1082 1391 1104 1442 a
1128 1371 1329 1442 Sacerdote
1345 1371 1438 1443 stola
1463 1377 1499 1440 et
1522 1368 1712 1459 superpel-

370 1471 462 1544 liceo
486 1475 625 1562 indute,
650 1482 687 1545 et
673 1475 798 1546 tsolis
821 1479 1055 1564 Monialibus,
1081 1479 1232 1566 quando
1256 1479 1396 1548 chorus
1421 1479 1479 1548 vel
1504 1483 1602 1547 retro
1626 1481 1712 1563 post

369 1579 486 1651 altare
510 1583 604 1652 situs
627 1590 693 1679 est,
718 1583 778 1653 vel
802 1585 851 1654 ab
875 1585 981 1656 alteri
1004 1585 1116 1654 nimis
1139 1585 1256 1656 distet

460 1690 507 1759 lis
532 1695 609 1759 tant
611 1709 676 1759 um
700 1692 736 1759 in
761 1691 956 1778 casibus,
948 1692 1067 1780 risque
1092 1709 1221 1760 rerum
1244 1697 1280 1760 e
1267 1691 1476 1761 tlocorum
1513 1690 1707 1776 adiunctis

369 1796 449 1866 sive
466 1798 734 1884 praecedentes
750 1799 831 1869 sive
847 1807 1051 1888 sequentes
1067 1818 1199 1886 preces
1215 1800 1252 1868 in
1270 1799 1405 1869 Rituali
1423 1801 1595 1868 Romano
1609 1817 1712 1885 prae·

368 1902 539 1990 scriptae,
565 1907 731 1994 ritusque
756 1907 887 1995 reliqui
911 1908 960 1976 ad
983 1905 1213 1976 fenestellam
1245 1907 1464 1976 Maniaiium
1500 1905 1627 1974 locum
1651 1905 1713 1974 ba·

371 2010 499 2098 beant3
523 2013 560 2079 in
585 2013 666 2082 aliis
690 2032 779 2082 vero
804 2015 1108 2102 quibuscumque
1124 2014 1275 2085 casibus
1290 2023 1461 2090 servetur
1478 2012 1622 2083 Rituale
1639 2015 1712 2082 Ro-

372 2136 540 2205 manum,
565 2125 601 2188 et
623 2139 757 2190 omnes
779 2121 996 2208 praescripti
1020 2121 1113 2190 ritus
1137 2127 1172 2192 et
1195 2123 1383 2192 orationes
1414 2139 1565 2208 semper
1589 2121 1638 2190 ab
1660 2120 1709 2189 al-

356 2213 442 2294 'tari
464 2227 736 2313 persolvantur.
761 2228 883 2316 Atque
907 2228 955 2297 ita
970 2229 1124 2298 servari
1148 2229 1340 2300 mandavit
1361 2227 1419 2297 die
1444 2231 1486 2296 13
1503 2229 1596 2297 Iunii
1613 2230 1712 2297 1893.

375 2529 404 2596 L
509 2529 533 2597 S
654 2424 690 2493 C.
715 2423 825 2494 Canu.
850 2407 1256 2494 ALOlSl-MASELLA
1281 2427 1318 2494 S.
1342 2427 1386 2494 R.
1411 2425 1447 2493 C.
1472 2423 1709 2514 Praefectus.

904 2640 1131 2708 Vincnnrrus
1155 2641 1264 2708 Nussr
1290 2638 1533 2709 Secretorins.

774 2827 1308 2885 -ή-ὼσῡῷω-

372 3023 544 3080 ottonum
564 3021 594 3080 S.
612 3021 641 3081 c.
663 3023 778 3081 tonoilli
794 3055 827 3063 —
841 2989 897 3092 quo
915 3024 1080 3092 reprobatur
1099 3009 1229 3081 oolieut'lo
1247 3025 1482 3092 eleemosynarum
1504 3022 1661 3090 missarum,
1681 3035 1713 3079 eo

445 3101 564 3168 oonsilio
584 3113 614 3166 ut
632 3111 819 3167 committatur
837 3112 989 3169 celebratio
1004 3113 1161 3169 enuntiem
1172 3112 1376 3180 sacerdotibus,
1390 3111 1491 3179 quitos
1506 3113 1565 3168 loeo
1579 3111 1713 3179 pecuniae

444 3198 586 3266 catilini,
606 3200 655 3255 aut
675 3211 781 3258 nereos
802 3202 998 3269 rependuntur.

463 3376 635 3466 vigilanti
658 3378 782 3448 studio
806 3380 1061 3450 convellendis
1085 3380 1392 3468 eradicandisque
1424 3380 1606 3449 abusibus
1630 3381 1716 3450 mis·
1824 3369 1825 3403 ¹

373 3502 505 3553 sarum
529 3484 816 3555 celebrationem
841 3488 1095 3573 spectantibus
1118 3487 1250 3574 iugiter
1282 3487 1448 3556 incubuit
1477 3487 1571 3556 haec
1603 3487 1640 3556 S.
1666 3487 1714 3572 C„

374 3589 561 3678 pluraque
585 3591 695 3662 edidit
717 3594 875 3680 decreta,
900 3583 1175 3682 qnibns'omne
1204 3594 1275 3663 bac
1299 3593 1335 3661 in
1360 3613 1401 3662 re
1424 3593 1637 3662 damnabile
1662 3592 1716 3662 lu·

374 3718 484 3768 erum
508 3701 694 3768 removeri
718 3699 842 3787 voluit,
869 3702 1026 3789 piasque
1050 3699 1264 3770 testantium
1294 3701 1504 3770 voluntates
1532 3705 1568 3770 et
1589 3701 1718 3770 obstri-

373 3810 473 3876 ctam
498 3805 798 3877 benefactoribus
821 3807 936 3877 fldem
961 3808 1195 3878 adamussim
1220 3809 1362 3877 servari
1388 3807 1633 3896 religioseque
1656 3825 1718 3878 cu·

376 3913 505 3982 stodiri
530 3915 731 3983 mandavit.

466 4022 700 4108 Quapropter
723 4021 769 4091 ad
796 4021 1043 4091 cohibendam
1068 4040 1227 4108 pravam
1252 4022 1507 4110 quorumdam
1531 4020 1717 4092 licentiam

375 4127 439 4214 qui
462 4127 510 4196 ad
535 4127 804 4215 ephemerides
831 4129 945 4198 libros
968 4129 1135 4216 aliasque
1160 4148 1306 4199 merces
1337 4127 1479 4198 facilius
1503 4147 1590 4196 cum
1615 4128 1717 4199 clero
1823 4169 1824 4204 1

375 4234 645 4304 commutanda
670 4234 873 4303 missarum
898 4253 970 4322 ope
994 4236 1203 4322 utebantur,
1229 4233 1409 4304 nonnulla
1432 4234 1634 4322 constituit,
1661 4255 1720 4307 ea·

375 4357 460 4428 que,
486 4341 549 4412 Pio
574 4343 641 4408 ΡΡ.
660 4341 712 4410 IX
735 4341 793 4411 fel.
811 4361 884 4412 rec.
902 4343 1143 4430 approbante,
1170 4342 1227 4411 edi
1252 4347 1288 4410 et
1311 4341 1515 4410 Ordinariis
1531 4345 1617 4410 nota
1635 4339 1719 4412 fleri

375 4450 520 4519 curavit
543 4453 582 4518 ut
606 4449 654 4518 ab
681 4450 858 4518 omnibus
894 4455 1144 4520 servarentur.
1184 4449 1386 4537 Propositis
1421 4467 1587 4535 namque
1623 4449 1720 4519 inter

375 4555 447 4626 alia
470 4557 714 4645 sequentibus
738 4557 881 4626 dubiis:
