3674 5264
695 300 860 346 arreuntx
890 300 912 344 1.
1439 282 1477 344 73

104 400 235 466 -dictae
260 400 362 466 iustae
388 418 515 482 causae,
540 399 675 464 servatis
704 418 835 486 semper
859 400 1037 484 servandis.
1071 385 1227 486 Aliunde,
1253 398 1477 486 respondente

128 505 255 591 captiva
280 506 420 572 muliere
447 505 655 591 (supponitur
678 503 835 592 legitima)
862 525 896 570 se
928 505 1016 571 velle
1041 515 1095 572 aut
1127 507 1272 571 converti
1297 517 1352 571 aut
1380 505 1475 570 coha-

129 611 229 677 bitare
255 613 325 677 sine
350 614 545 678 contumelia
570 612 745 696 Creatoris,
771 631 841 676 eam
859 633 873 675 a
890 631 1097 698 quocumque
1122 611 1287 678 venditam
1311 611 1476 676 redimere

131 736 195 782 non
218 719 379 805 negligat,
405 719 430 782 si
455 719 485 784 ei
509 729 690 804 suppetunt
714 717 832 784 media.
859 722 1030 802 Nunquam
1055 737 1133 783 vero
1159 717 1287 804 coniugi
1321 736 1477 783 converso

129 821 243 887 licebit
269 841 340 888 eam
364 824 522 907 vendere,
543 823 602 890 etsi
626 824 765 888 mendax
783 823 815 888 in
831 823 896 889 suis
913 823 1199 908 pollicitationibus
1217 833 1345 910 reperta
1362 823 1474 888 luerit.

130 929 376 1010 Verumtamen,
394 930 420 993 si
444 949 517 1015 pars
543 929 695 1010 infidelis,
727 928 822 994 etiarn
851 941 922 1016 post
948 930 1076 1014 longam
1106 930 1374 995 cohabitationem
1403 948 1477 994 cunt

130 1034 199 1098 viro
225 1054 396 1120 converso,
423 1037 545 1101 nedum
564 1035 710 1102 converti
734 1047 877 1118 recuset,
895 1035 952 1101 sed
972 1035 1106 1120 insuper
1131 1047 1235 1124 tentet
1253 1035 1387 1100 fidelem
1403 1053 1480 1120 per-

129 1141 262 1206 trahere
287 1141 325 1206 ad
352 1153 535 1226 peccatum,
554 1141 607 1206 vel
624 1163 639 1205 a
657 1141 737 1206 viro«
752 1141 869 1207 iniuste
893 1141 1045 1225 divertat,
1071 1151 1125 1207 aut
1143 1142 1218 1206 alias
1236 1141 1320 1208 ineat
1336 1141 1477 1226 nuptias,
1493 1219 1495 1226 Ι

128 1247 253 1332 poterit
279 1267 462 1330 conversus
481 1247 528 1313 uti
552 1247 725 1332 priuilegio
751 1247 782 1311 iu
807 1246 1054 1333 lavoremlfidei
1079 1267 1246 1331 concesso,
1265 1267 1299 1313 ac
1317 1247 1479 1314 matrimo-

131 1352 219 1417 nium
247 1373 323 1418 cum
348 1353 406 1418 alia
430 1354 569 1420 muliere
596 1353 684 1418 fideli
712 1353 798 1417 licite
826 1364 858 1417 et
883 1353 988 1419 valide
1014 1354 1217 1419 contrahere.

222 1465 391 1526 Praeterea
415 1459 555 1525 vetitum
572 1460 703 1524 omnino
723 1467 770 1524 est
796 1459 999 1525 christianam
1017 1459 1141 1527 nubere
1168 1475 1308 1545 pagano·;
1334 1460 1479 1544 quodsi,

130 1567 262 1650 praevia
287 1565 528 1652 dispensatione
552 1566 745 1651 disparitatis
770 1567 875 1630 cultus
900 1586 915 1628 a
941 1568 974 1632 S.
1001 1567 1085 1632 Sede
1111 1566 1256 1648 obtenta,
1283 1565 1478 1650 quandoque

132 1671 295 1738 eiusmodi
320 1672 561 1738 matrimonium
581 1671 651 1737 heri
677 1672 854 1757 contingat,
874 1684 987 1737 notum
1005 1682 1053 1738 est
1078 1671 1159 1736 illud
1187 1671 1411 1738 indissolubile
1430 1671 1479 1736 lu·

133 1786 243 1842 turum
270 1779 374 1860 quoad
399 1775 580 1862 vinculitm,
599 1789 631 1844 et
648 1779 755 1843 solum
779 1778 953 1863 aliquando
970 1778 1075 1862 quoad
1093 1789 1202 1842 torum
1219 1797 1315 1864 posse
1333 1777 1479 1861 dissolvi,

133 1881 159 1946 si
185 1884 305 1947 motiva
330 1883 480 1949 canonica
504 1886 608 1950 adsint
632 1907 647 1949 a
673 1883 780 1950 iudice
815 1884 1032 1950 ecclesiastico
1064 1882 1275 1970 agnoscenda.
1308 1887 1480 1967 Nunquam

133 1989 284 2074 proinde,
310 1991 439 2056 vivente
465 1996 534 2056 viro
560 1992 615 2056 illo
643 1991 779 2074 infideli,
800 1991 875 2056 licet
897 1990 1138 2068 concubinarie,
1164 1991 1285 2076 poterit
1310 1989 1481 2055 christiana

133 2093 255 2160 mulier
277 2097 434 2162 secundas
460 2097 540 2161 inire
565 2097 704 2182 nuptias.
733 2097 765 2192 Si
784 2115 860 2162 vero
878 2107 991 2183 agatur
1015 2099 1056 2162 tle
1081 2116 1183 2162 uxore
1200 2114 1320 2182 pagana
1345 2096 1482 2161 alicuius

133 2203 250 2288 pagani
276 2202 508 2286 concubinarii,
526 2223 607 2288 quae
633 2205 848 2286 convertitur,
867 2215 943 2268 tunc
968 2205 1049 2269 iacta
1074 2203 1336 2287 interpellatione
1362 2205 1411 2288 (ut
1428 2223 1481 2268 su·
1574 2226 1578 2237 ¹

132 2307 222 2394 pra),
249 2309 274 2371 si
301 2321 414 2405 renuat
440 2309 583 2374 converti
609 2319 662 2375 aut
688 2310 870 2376 cohabitare
886 2309 1005 2394 absque
1032 2311 1145 2375 iniuria
1162 2309 1335 2391 creatoris,
1354 2329 1388 2374 ac
1405 2328 1480 2394 pro-

135 2413 211 2479 inde
244 2413 397 2480 desinere
424 2435 438 2478 a
464 2415 679 2482 concubinatu
711 2417 777 2503 (qui
809 2416 879 2482 sine
911 2417 1026 2481 iniuria
1056 2415 1215 2481 creatoris
1245 2425 1335 2482 certe
1367 2415 1479 2480 haberi

136 2521 277 2606 nequit),
303 2522 448 2606 potuerit
473 2521 519 2587 uti
545 2523 717 2608 privilegio
743 2525 775 2588 in
801 2523 944 2588 levorem
970 2523 1045 2588 hdei
1072 2542 1237 2587 concesso.

224 2627 424 2710 Generatim,
449 2631 474 2694 si
507 2631 652 2715 coniugis
684 2631 853 2695 conversio
882 2616 1105 2716 praecesserit
1127 2629 1369 2694 matrimonium
1402 2648 1476 2694 cum

135 2733 275 2817 infideli,
301 2735 429 2820 praevia
454 2736 696 2820 dispensatione
720 2734 905 2821 Apostolica
931 2733 1067 2815 initum,
1093 2733 1183 2798 nullo
1208 2732 1306 2796 modo
1337 2732 1392 2796 illo
1414 2731 1480 2814 ¹irui

134 2851 245 2923 potest
268 2841 443 2926 privilegio
469 2843 500 2907 in
517 2841 661 2906 latorem
686 2841 762 2908 sarlei
788 2823 960 2919 concesso;
984 2841 1009 2906 si
1035 2859 1112 2906 vero
1131 2821 1372 2904 matrimonium
1387 2857 1480 2924 prae-

134 2946 270 3010 cesserit
295 2947 557 3029 conversionem,
574 2959 648 3012 tunc
674 2961 746 3032 pars
771 2966 925 3012 conversa
937 2946 1071 3033 ¹,poterit
1086 2948 1133 3011 uti
1152 2966 1189 3010 eo
1207 2943 1395 3031 privilegio,
1414 2965 1480 3010 ser-

137 3053 216 3116 vatis
241 3052 420 3135 servandis,
447 3067 545 3140 prout
570 3053 693 3119 dictum
719 3065 778 3118 est.
1234 3121 1238 3126 ,

225 3158 559 3226 Animadvertendum
584 3171 632 3224 est
657 3159 766 3240 etiam,
784 3160 888 3243 quoad
916 3157 1370 3247 impedimentadirimentia,
1391 3157 1480 3242 igno-

136 3264 271 3330 rantiam
296 3266 518 3332 invincibilem
543 3279 595 3332 aut
620 3268 738 3333 bonam·
760 3267 858 3334 iidem
884 3267 966 3332 haud
992 3266 1140 3331 sufficere
1162 3277 1197 3330 ut
1221 3263 1329 3330 valide
1354 3277 1480 3330 contra·

137 3371 232 3435 hatur
256 3371 510 3440 matrimonium.
539 3374 605 3438 Etsi
629 3369 827 3457 quandoque
854 3373 953 3461 (quod
979 3383 1086 3437 tamen
1111 3392 1180 3436 raro
1205 3371 1408 3437 credendum
1431 3380 1479 3434 est

137 3474 168 3542 in
192 3476 299 3562 praxi)
327 3478 380 3542 illa
405 3479 582 3564 ignorantia
600 3489 631 3543 et
651 3480 729 3545 bona
755 3479 836 3544 fides
862 3499 1015 3544 excusare
1040 3478 1175 3542 trataata
1199 3488 1346 3562 peccato,
1374 3489 1480 3540 tamen

136 3602 300 3668 nunquam
328 3585 458 3650 efficere
484 3597 592 3670 potest
624 3585 865 3651 matrimonium
890 3584 1035 3649 validum
1066 3584 1153 3667 quod
1178 3581 1270 3648 obice
1302 3581 1477 3646 dirimente

138 3687 236 3754 luerit
261 3689 390 3756 initum.
416 3691 495 3756 ilinc
520 3691 545 3755 si
570 3691 641 3776 quis
667 3700 806 3756 transeat
823 3691 862 3756 ad
886 3691 959 3755 alias
984 3689 1148 3776 regiones,
1169 3700 1201 3752 et
1227 3687 1269 3752 ibi
1295 3688 1428 3752 edoctus
1446 3696 1479 3750 et
1506 3697 1514 3716 ·
1619 3713 1627 3724 ·

138 3795 314 3881 baptizatus
346 3813 484 3860 uxorem
516 3798 647 3861 duxerit
679 3797 903 3878 christianam,
930 3796 1044 3861 omissa
1074 3794 1183 3860 dehita
1216 3791 1478 3877 interpellatione

140 3903 263 3986 primae
290 3903 453 3988 legitimae
485 3902 607 3986 uxoris,
640 3922 710 3967 eam
735 3904 841 3969 iacere
874 3914 1023 3984 tenetur,
1050 3903 1108 3966 nisi
1134 3903 1237 3967 adsint
1269 3899 1342 3964 illae
1367 3915 1479 3963 causac

139 4007 346 4094 dispensandi
372 4019 469 4093 prout
493 4007 526 4073 in
550 4010 679 4094 Synodo
704 4009 896 4076 Sutchuensi
922 4021 1052 4074 cautum
1077 4009 1209 4093 legitur.

226 4119 338 4198 ltaque
363 4113 403 4180 ad
427 4115 654 4180 enodationem
688 4115 928 4200 propositorum
961 4133 1091 4179 casuum
1123 4123 1245 4178 attente
1275 4122 1307 4176 et
1337 4109 1481 4175 fideliter

140 4219 376 4306 perpendenda
400 4231 449 4285 est
473 4221 598 4286 laudata
624 4220 785 4306 synodus,
808 4210 1047 4308 'expendendae
1064 4229 1138 4284 sunt
1155 4219 1322 4284 facultates
1347 4220 1482 4302 hposto-

140 4324 232 4408 licae,
260 4335 292 4390 et
316 4326 505 4392 consulendi
530 4326 654 4412 probati
679 4338 835 4394 auctores.
861 4327 952 4404 Quod
978 4327 1002 4390 si
1027 4325 1237 4391 nihilominus
1269 4322 1479 4388 difficultates

141 4453 175 4498 ac
200 4433 296 4500 dubia
321 4433 538 4518 suboriantur,
568 4446 643 4500 tuuc
676 4447 820 4500 recurrat
844 4437 881 4500 ad
907 4437 937 4500 S.
964 4435 1105 4516 Sedent,
1133 4431 1309 4498 enucleatis
1334 4429 1481 4496 omnibus

141 4539 402 4624 circumstantiis,
429 4553 525 4627 prout
551 4543 676 4608 dictum
702 4550 763 4606 est.

672 4676 947 4730 &We-
