3672 5216
789 241 924 286 nonnus
1469 225 1526 287 173

264 344 469 420 Praeterea
487 367 779 419 commemorare
800 347 971 446 praestat
990 343 1030 418 in
1050 342 1192 422 Adnot.
1216 343 1284 426 43,
1308 345 1359 420 ad
1387 345 1461 419 ool.
1485 343 1519 418 I.

178 463 434 540 Reiffenstuel
464 465 554 539 edit.
583 465 784 541 Por-isica.
823 463 1059 539 aan2'1864
1087 465 1163 566 legi
1192 464 1379 542 nonnulla
1407 465 1524 541 verba

179 583 404 687 deprompta
431 609 480 660 ex
507 584 669 688 epistola
696 585 740 660 ab
784 584 878 660 ltmo
916 583 955 662 S.
988 584 1035 663 Ο.
1066 585 1112 662 O.
1154 585 1353 662 Praefecto
1382 586 1442 662 die
1475 586 1526 664 14

182 705 270 781 Iulii
303 705 405 782 1858
434 705 481 781 ad
510 701 649 781 nisum
679 705 794 783 Oard.
826 707 991 783 Gousset
1019 709 1236 810 conscripta
1274 707 1432 784 huiusce
1466 711 1524 783 te-

180 825 304 902 noris:
331 854 349 897 ‹
372 823 555 928 Capitula
582 825 820 902 cathedralia
848 851 967 902 unum
993 826 1197 904 dumtaxat
1226 826 1424 904 Vioarium
1458 844 1522 904 ca-

179 945 400 1050 pitularem,
424 970 499 1022 non
527 952 658 1021 autem
685 945 778 1022 duos
799 944 861 1021 vel
881 946 1009 1048 plures
1030 947 1211 1050 deputare
1230 947 1375 1039 debere,
1397 973 1528 1049 quem-

179 1066 381 1143 admodum
415 1067 460 1142 de
490 1065 658 1142 Vioariis
685 1066 925 1168 generalibus
954 1092 1066 1169 agere
1085 1068 1235 1144 licitum
1262 1053 1380 1144 est.»
1421 1068 1527 1157 Quae

181 1192 375 1290 postrema
403 1188 519 1264 verba
546 1188 850 1263 controversiam
878 1187 1131 1282 dirimerent,
1162 1187 1195 1265 si
1231 1189 1405 1266 omnibus
1433 1189 1527 1266 locis

181 1307 381 1384 referenda
407 1311 550 1402 essent,
582 1312 622 1384 ot
649 1332 727 1384 non
756 1308 866 1383 unice
896 1308 1045 1410 praxim
1074 1309 1115 1385 in
1156 1309 1285 1388 Gallia
1327 1310 1525 1412 vigentem

178 1427 426 1529 respicerent,
458 1451 526 1504 ceu
554 1451 603 1502 ex
630 1427 837 1528 dignitate,
862 1452 974 1528 quam
994 1428 1114 1504 Ernus
1134 1429 1300 1506 Gousset
1328 1430 1369 1506 in
1398 1429 1528 1506 Gallia

180 1547 376 1624 obtinebat
404 1548 534 1624 forsan
562 1547 799 1648 arguendum
840 1549 1049 1625 videretur.
1081 1549 1239 1626 Etenim
1281 1556 1416 1626 notum
1446 1553 1521 1642 est,

180 1665 223 1742 in
254 1665 552 1743 ultramontanis
580 1667 810 1770 regionibus
841 1671 881 1742 et
909 1667 1134 1768 praesertim
1164 1669 1206 1743 in
1241 1667 1400 1759 Gallia,
1431 1667 1526 1744 duos

180 1787 357 1864 Vicarios
377 1787 573 1890 generales
593 1787 814 1890 plerumque
832 1788 1016 1864 constitui
1035 1790 1079 1865 ab
1108 1789 1321 1892 Episcopis‚
1353 1790 1525 1890 hancque

179 1908 319 2012 agendi
347 1909 533 1984 rationem
562 1935 585 1983 a
615 1933 791 2012 suprema
819 1909 1049 1986 auctoritate
1092 1909 1230 1986 nedum
1264 1909 1365 1987 haud
1393 1935 1524 2012 repro-

178 2028 263 2104 bari
292 2027 355 2104 sed
384 2029 654 2130 quodammodo
682 2029 894 2133 approbari.
928 2030 1027 2106 Nam
1055 2030 1174 2106 refert
1207 2031 1317 2108 Santi
1356 2031 1426 2106 loc.
1458 2039 1521 2107 εῖτ.

130 2148 133 2154 ’
182 2149 322 2250 <quod
352 2149 497 2226 Romae
524 2149 779 2252 expediuntur
807 2150 960 2226 litterae
988 2151 1217 2254 apostolicae
1235 2195 1263 2209 ·
1281 2151 1467 2255 Episcopo
1484 2157 1526 2230 et

179 2269 1324 2371 ffimmwmmmmfflmmmw».

265 2391 541 2468 Verumtamen
570 2391 697 2468 nescio
725 2417 775 2467 an
811 2390 1017 2492 aliquando
1045 2390 1085 2468 hi
1115 2391 1264 2468 Vioarii
1307 2394 1520 2493 generales,

181 2510 244 2610 qui
274 2511 315 2587 in
344 2511 473 2588 Gallia
500 2511 659 2614 aliisque
688 2510 904 2614 regionibus
933 2510 1048 2586 simul
1081 2512 1125 2587 ab
1167 2510 1366 2613 Episcopis
1407 2510 1524 2614 depu-

179 2633 256 2708 tari
285 2630 410 2708 solent
437 2658 526 2708 vere
554 2658 670 2734 aeque
699 2630 928 2735 principales
957 2631 1050 2706 sint.
1081 2629 1275 2731 Siquidem
1310 2631 1523 2733 generatim

180 2754 294 2828 unius
322 2779 370 2828 ex
398 2753 565 2830 Vioariis
607 2753 818 2830 auctoritas
861 2757 1039 2829 versatur
1068 2752 1184 2828 iniis
1213 2760 1525 2853 quaesuntvo-

179 2873 370 2951 luntariae
398 2873 686 2966 iurisdictionis,
717 2863 1012 2962 alterius'veru
1048 2875 1113 2974 qui
1149 2877 1188 2950 et
1226 2874 1399 2951 officialis
1428 2875 1523 2951 dici-

177 3000 255 3086 tur,
287 2995 328 3069 in
357 2994 502 3070 actibus
530 2993 804 3070 iurisdictionis
833 2996 1092 3071 contentiosae
1119 2999 1159 3070 et
1188 2995 1355 3097 negotiis
1398 2996 1524 3071 foren-

178 3116 294 3192 sibus.
328 3114 392 3207 ld,
423 3115 559 3191 ceteris
603 3115 757 3210 missia,
789 3115 907 3192 refert
935 3115 1075 3192 Devoti
1104 3115 1202 3191 inst.
1235 3143 1324 3192 carr.
1358 3128 1451 3192 tom.
1483 3114 1515 3204 I,

179 3243 236 3312 tu.
268 3235 310 3318 3,
341 3245 429 3311 sect.
461 3233 502 3318 9,
533 3234 715 3336 quiante
743 3237 1017 3313 adnotaverat:
1047 3236 1276 3313 «initalia
1306 3262 1403 3313 unus
1431 3261 1523 3314 con-

179 3357 289 3433 stitui
319 3355 417 3432 solet
445 3353 652 3448 Vioarius,
684 3357 743 3432 cui
787 3358 1043 3434 committitur
1084 3357 1367 3434 administratio
1394 3382 1521 3434 rerum
1628 3341 1633 3368 ’

178 3476 440 3580 spiritualium
467 3482 507 3551 et
535 3477 649 3552 simul
678 3479 920 3588 contentiosa
947 3478 1177 3555 iurisdictio.
1205 3510 1221 3548 s

258 3597 430 3698 Denique
456 3597 838 3675 animadvertendum
867 3603 941 3690 est,
972 3599 1013 3674 in
1043 3600 1167 3702 praxi,
1200 3601 1311 3675 iuxta
1352 3598 1521 3701 plurium

178 3719 428 3812 sententiam,
459 3743 539 3794 rem
567 3719 612 3794 de
639 3745 714 3820 qua
741 3719 891 3820 agimus
920 3720 1120 3824 praecipue
1157 3719 1408 3802 definiendam
1437 3743 1519 3795 esse

178 3841 330 3914 attenta
358 3837 644 3914 consuetudine.
671 3839 832 3915 «Hodie
860 3839 956 3916 solet
985 3841 1040 3915 ita
1068 3866 1091 3914 a
1119 3839 1268 3916 iuristis
1297 3839 1396 3915 solvi
1426 3838 1519 3916 haec

176 3958 362 4056 quaestio,
393 3957 562 4034 scilicet:
595 3958 655 4035 ubi
684 3957 915 4036 consuetudo
942 3960 1020 4035 iarn
1047 3960 1169 4061 viget,
1200 3960 1260 4036 ius
1301 3959 1449 4063 patitur
1476 3960 1521 4033 ut

175 4075 305 4178 plures
333 4075 482 4152 Vioarii
511 4077 551 4152 in
580 4077 745 4154 solidum
773 4077 1083 4170 constituantur3
1115 4083 1157 4154 at
1199 4079 1263 4155 ubi
1303 4077 1396 4170 haec
1431 4100 1522 4152 oon-

179 4196 338 4274 suetudo
367 4201 559 4290 nonest,
592 4221 669 4273 non
707 4199 945 4301 permittitur
986 4197 1191 4274 introduci.
1218 4229 1236 4270 »
1259 4199 1314 4275 De
1358 4196 1519 4300 Angelis

177 4315 313 4424 Prael.
347 4316 412 4392 ab.
444 4315 479 4402 I,
511 4323 568 4392 a't.
598 4316 666 4406 28,
701 4345 742 4393 n.
783 4318 823 4392 9.
856 4319 982 4418 Atque
1011 4318 1050 4394 in
1080 4317 1177 4395 hano
1219 4318 1438 4421 opinionem
1480 4320 1520 4392 et

179 4433 217 4510 S.
248 4435 295 4513 O.
330 4435 376 4514 O.
408 4435 647 4514 descendisse
675 4442 805 4514 censet
832 4438 1005 4514 Ferraris
1035 4439 1105 4513 loc.
1148 4446 1229 4514 ott:
1256 4469 1273 4509 «
1297 4437 1522 4541 Ampliatur

179 4557 374 4658 praedicta
401 4559 616 4652 conclusi0,
649 4561 693 4634 ut
721 4559 841 4662 possit
870 4559 1080 4664 Episcopus
1119 4559 1351 4635 constituere
1391 4559 1520 4661 plnres
