3672 5216
697 263 870 308 auximana

489 436 779 520 Disceptatio
804 438 1070 521 synoptico.

182 605 228 680 ln
261 605 397 707 primis
426 595 675 683 recolendum
694 613 753 684 est
772 606 868 708 quod
898 608 1037 683 statuit
1057 607 1271 683 Concilium
1292 608 1453 684 Triden-

104 724 229 801 tinum
261 727 383 802 relate
411 727 458 802 ad
478 728 776 804 Seminaricrum
795 729 996 831 deputatos
1025 729 1063 803 in
1094 755 1181 830 cop.
1212 729 1264 804 18
1282 755 1373 806 sess.
1396 729 1452 808 23

105 845 148 920 de
175 845 362 943 Reform.
395 847 493 924 Sane
522 847 570 924 ibi
601 847 702 923 inter
730 851 856 922 cetera
884 847 1135 950 praecipitur,
1168 852 1211 924 ut
1240 847 1451 950 Episcopus

106 971 249 1042 rectam
279 967 483 1044 Seminarii
513 967 780 1070 disciplinam,
811 977 850 1042 et
879 993 1005 1044 rerum
1035 967 1303 1070 temporalium
1332 967 1452 1043 admi-

107 1089 376 1164 nistrationem
406 1093 528 1182 curet,
564 1113 686 1165 «curn
715 1087 874 1164 consilio
892 1088 1052 1164 ducrum
1081 1089 1125 1163 de
1146 1087 1338 1190 Capitulc,
1362 1111 1453 1190 quo-

106 1217 191 1284 rnm
221 1210 322 1287 alter
349 1211 394 1286 ab
414 1210 615 1312 Episcopo,
638 1209 738 1285 alter
758 1211 803 1284 ab
823 1210 904 1311 ipso
934 1209 1112 1310 Capitulo
1136 1208 1318 1310 eligatur,
1341 1209 1454 1285 item-

106 1356 178 1430 que
197 1331 366 1407 'ducrum
385 1332 429 1407 de
449 1331 562 1408 Glcrc
581 1331 767 1424 civitatis,
791 1354 948 1432 quorum
972 1328 1121 1431 quidem
1141 1329 1299 1405 alterius
1318 1329 1453 1406 electio

108 1453 289 1528 similiter
317 1453 364 1528 ad
393 1451 639 1555 Episcopum,
671 1452 831 1528 alterius
853 1476 944 1526 vero
963 1451 1009 1526 ad
1038 1450 1182 1526 clerum
1203 1452 1449 1554 pertineat».

107 1573 229 1648 Porro
257 1599 368 1664 cum,
410 1573 547 1649 saltem
575 1597 623 1648 ex
652 1577 803 1674 recepto
841 1571 1051 1648 universim
1088 1595 1214 1665 more,
1256 1571 1452 1648 indubium

107 1693 285 1769 videatur
306 1694 373 1769 illa
391 1719 482 1770 voce
506 1724 524 1764 «
544 1695 706 1769 clerus»
730 1693 943 1769 sacerdotes
963 1693 1226 1768 tantummodo
1241 1691 1453 1768 saeculares

106 1814 398 1922 comprehendi,
431 1815 486 1890 ita
514 1817 558 1890 ut
586 1815 696 1890 iuxta
724 1822 892 1889 mentem
925 1814 1086 1888 Petrum
1115 1813 1450 1906 Tridentinorum,

107 1962 130 2010 a
174 1935 364 2037 praedicto
401 1935 670 2036 deputatorum
708 1957 864 2010 munere
901 1933 1071 2035 religiosi
1109 1935 1261 2010 omnino
1303 1934 1455 2011 excludi

106 2055 292 2145 debeant,
334 2057 374 2131 in
403 2081 490 2132 casu
522 2057 652 2130 nostro
689 2053 834 2130 adhoc
873 2059 995 2129 totam
1032 2053 1289 2154 quaestionem
1327 2054 1454 2131 reduci

107 2202 217 2280 posse
246 2177 457 2280 putandum
476 2166 549 2268 est,
573 2180 616 2251 ut
634 2174 811 2250 videlicet
831 2175 1035 2250 definiatur
1055 2199 1104 2249 an
1120 2175 1330 2276 presbyteri
1359 2173 1456 2252 Ora-

108 2298 198 2374 torii
219 2298 299 2374 divi
320 2295 491 2400 Philippi
507 2295 613 2374 Nerii
632 2293 679 2370 ad
699 2294 930 2370 saecularem
950 2292 1012 2368 rel
1031 2294 1156 2395 potius
1176 2293 1221 2368 ad
1242 2293 1456 2394 regularem

107 2415 253 2493 clerum
282 2418 517 2520 pertineant.
550 2414 658 2504 Quod
678 2414 826 2516 quidem
856 2411 1093 2515 arguendum
1111 2411 1186 2488 erit
1214 2417 1298 2488 tum
1317 2437 1365 2487 ex
1385 2437 1455 2488 na-

109 2544 199 2612 tura
229 2537 486 2612 institutionis
515 2533 731 2610 eorumdem
751 2535 1072 2636 presbyterorum,
1106 2541 1187 2609 tum
1209 2557 1257 2608 ex
1285 2531 1455 2608 essentia

108 2661 237 2732 status
265 2656 450 2758 religiosi.

191 2777 325 2877 ltaque
362 2801 410 2852 ex
448 2775 722 2852 constitutione
764 2773 983 2853 CLXXXV
990 2775 1003 2849 l
1046 2773 1311 2876 ‹Cipn'osuw
1357 2775 1454 2850 Gre-

106 2898 204 3000 gorii
227 2897 337 2988 Xlll,
359 2921 444 2972 curn
475 2919 547 2997 qua
576 2895 753 2972 Summus
783 2896 965 2972 Pontifex
995 2895 1339 2996 Congregationem
1369 2919 1454 2996 pre-

109 3020 351 3120 sbyterorum
371 3022 410 3093 et
429 3017 653 3094 clericorum
672 3017 717 3092 de
738 3014 915 3094 Oratorio
934 3019 1193 3118 nuncupatam
1213 3015 1450 3116 approbavit,

108 3141 204 3215 satis
233 3139 336 3215 clare
364 3138 446 3213 erui
466 3138 661 3214 videretur
682 3137 895 3212 huiusmodi
915 3138 1156 3239 presbyteros
1176 3135 1332 3212 minime
1352 3136 1456 3213 inter

107 3260 305 3362 regulares
333 3283 414 3333 esse
443 3258 704 3347 recensendos
727 3283 843 3359 quum
864 3281 993 3333 eorum
1022 3257 1246 3332 institutum
1267 3282 1333 3333 seu
1356 3257 1457 3335 Con-

110 3382 288 3484 gregatio
317 3379 473 3456 minime
500 3405 545 3456 ea
573 3380 700 3456 omnia
728 3378 973 3482 praeseferat,
1005 3401 1100 3477 quae
1128 3380 1254 3452 status
1284 3377 1456 3480 religiosi

105 3501 366 3578 substantiam
394 3506 434 3576 ct
461 3502 668 3577 essentiam
696 3525 827 3601 reapse
854 3499 1111 3575 constituunt.

193 3620 295 3696 Sane
324 3625 561 3722 compertum
579 3626 638 3697 est
657 3623 802 3696 statum
822 3619 1042 3720 religiosum
1061 3617 1235 3695 definiri:
1271 3647 1289 3690 r
1308 3619 1456 3695 stabilis

110 3742 150 3818 in
178 3741 375 3816 communi
404 3740 560 3816 vivendi
588 3739 720 3816 modus
740 3738 909 3814 fidelium
928 3739 975 3814 ad
1002 3739 1234 3815 christianae
1252 3737 1456 3816 charitatis

110 3849 380 3964 perfectionem
412 3861 650 3937 tendentium
679 3860 723 3935 ab
751 3858 910 3935 ecclesia
938 3860 1179 3961 approbatus,
1211 3858 1324 3934 editis
1354 3859 1457 3934 votis

110 3987 315 4086 perpetuae
342 3981 600 4074 obedientiae,
640 3980 878 4082 paupertatis
906 3985 946 4056 et
974 3979 1165 4056 castitatis
1184 4009 1220 4054 ›.
1258 3979 1385 4082 igitur
1413 3984 1458 4056 ut

109 4107 237 4179 status
266 4101 469 4204 religiosus
489 4125 620 4204 reapse
639 4101 824 4178 habeatur
844 4100 1075 4202 requiritur:
1112 4100 1150 4176 l⁰
1178 4101 1368 4178 stabilitas
1390 4125 1457 4177 seu

111 4248 355 4326 permanens
386 4223 503 4298 immo
532 4225 716 4325 perpetua
741 4222 907 4298 conditio
935 4247 958 4297 a
985 4221 1087 4297 fideli
1115 4226 1292 4324 suscepta
1320 4245 1387 4324 per
1402 4221 1459 4298 li-

111 4344 238 4419 beram
275 4341 549 4447 professionem
584 4343 625 4418 in
662 4343 840 4444 religiosa
877 4341 1175 4434 communitate,
1214 4366 1308 4443 quae
1342 4342 1459 4417 libera

113 4461 295 4565 professio
332 4488 464 4539 veram
500 4462 769 4564 obligationem
806 4459 1042 4564 personalem
1081 4461 1258 4554 inducat3
1304 4461 1346 4539 2⁰
1381 4461 1458 4537 tria

75 4667 80 4674 ,
115 4590 204 4660 vota
231 4590 418 4689 perpetua
446 4583 662 4677 castitatis,
699 4581 931 4659 obedientiae
960 4588 999 4657 et
1033 4582 1293 4686 paupertatis3
1326 4581 1367 4658 3ο
1395 4604 1459 4656 ec-
