3636 5232
313 271 375 334 200
911 285 1064 332 arisrota

316 388 452 458 eodem
469 406 544 476 quo
562 387 745 456 hactenus
770 386 893 454 studio
917 387 1085 473 permoti,
1103 387 1310 456 adiecimus
1333 389 1502 456 animum
1520 388 1568 456 ad
1585 387 1659 456 Cle-

316 497 415 565 ricos
439 499 586 564 vestros
611 493 878 578 adolescentes,
903 497 945 560 ut
968 493 1109 562 ¹collatis
1133 493 1331 562 vobiscum
1346 494 1519 580 consiliis,
1540 494 1576 561 in
1601 513 1659 562 eo·

318 621 404 671 rum
427 602 694 670 institutionem
718 598 960 668 conferamus
983 599 1122 688 aliquid
1146 618 1294 686 operae.
1316 637 1356 646 —
1375 599 1490 688 quue
1514 619 1660 671 novum

316 709 418 778 velut
441 709 578 797 pignus
596 707 876 777 essevolumus
899 707 1179 776 benevolentiae
1203 713 1391 794 paternae,
1409 727 1484 794 qua
1500 727 1571 777 vos
1587 711 1664 778 uni·

319 835 454 888 versos
478 816 674 903 complecti
697 813 978 883 consuevimus.
1010 815 1054 882 Et
1083 813 1216 882 merito
1248 815 1423 900 quidem:
1453 833 1528 883 non
1561 817 1663 884 enim

318 943 455 992 sumus
479 942 606 992 rerum
633 921 915 1007 hispanicarum
937 921 1192 1005 immemores,
1217 939 1341 1008 neque
1364 921 1587 1008 ignoramus
1604 941 1665 990 ve

316 1034 435 1099 stram
462 1030 499 1098 in
531 1030 626 1099 avito
659 1026 748 1114 fide,
780 1027 817 1094 in
854 1026 1037 1114 obsequio
1067 1025 1304 1113 Apostolicae
1335 1027 1443 1096 Sedis
1466 1045 1659 1096 summam

316 1138 589 1224 immotamque
614 1135 886 1205 constantiam:
910 1153 1009 1221 quae
1033 1135 1273 1220 potissimum
1296 1153 1415 1202 causa
1436 1134 1512 1222 fuit,
1534 1153 1666 1223 quam-

318 1244 451 1312 obrem
475 1243 714 1330 hispanicum
738 1259 877 1309 nomen
895 1245 931 1310 in
948 1245 1090 1310 tantam
1115 1240 1256 1328 gloriae
1279 1242 1500 1329 imperiique
1523 1245 1667 1330 magni-

318 1349 488 1419 tudinem
512 1348 679 1435 creverit,
704 1351 886 1434 quantam
903 1347 1079 1416 historiae
1095 1353 1342 1416 monumenta
1359 1353 1552 1417 testantur.
1570 1349 1664 1419 Illud

321 1457 432 1526 etiam
455 1455 643 1524 memoria
664 1459 848 1541 tenemus
873 1471 944 1522 nec
966 1453 1160 1522 silebimus
1184 1455 1257 1522 hoc
1281 1454 1373 1541 loco,
1398 1455 1517 1524 multa
1545 1457 1664 1526 Nobis

317 1567 431 1650 atque
456 1561 631 1648 optabilia
663 1560 907 1628 acerbitatum
939 1559 1069 1629 solatia
1100 1579 1147 1628 ex
1175 1561 1357 1647 Hispania
1386 1580 1500 1648 saepe
1530 1581 1668 1650 suppe-

321 1674 409 1738 tere.
434 1671 658 1756 Pergratum
675 1668 784 1755 igitur
800 1670 866 1754 est,
882 1665 1094 1735 officiorum
1118 1671 1334 1737 vestrorum
1357 1669 1499 1738 caritati
1514 1689 1669 1758 respon-

324 1779 414 1846 dere
438 1782 583 1845 mutuo.
606 1775 613 1784 '

409 1885 479 1952 Diu
515 1883 752 1969 multumque
775 1880 901 1950 floruit
924 1881 1057 1949 Clerus
1080 1881 1264 1967 hispanus
1293 1901 1420 1950 rerum
1452 1883 1667 1954 divinarum

300 1992 474 2070 ¹scientia
500 1991 781 2076 litterarumque
805 1988 1009 2075 elegantia3
1042 1988 1176 2075 hisque
1206 1989 1350 2057 artibus
1379 1995 1580 2059 assecutus
1610 1999 1669 2062 est

322 2105 469 2169 utrem
492 2098 736 2166 christianam
759 2112 975 2181 nomenque
998 2095 1161 2182 patrium
1184 2114 1260 2164 non
1284 2114 1420 2182 parum
1438 2101 1474 2165 et
1488 2096 1569 2183 ipse
1585 2117 1667 2183 pro

323 2208 486 2276 hereret.
505 2205 618 2273 Haud
634 2221 727 2272 sane
744 2200 896 2272 defuere
912 2200 1078 2270 munifici
1095 2201 1173 2287 viri,
1199 2204 1263 2290 qui
1286 2202 1513 2288 optimarum
1529 2205 1668 2274 artium

321 2313 528 2400 patrocinio
552 2323 740 2397 suscepto,
764 2327 935 2396 congrua
957 2309 1191 2396 temporibus
1223 2309 1392 2380 subsidia
1420 2311 1666 2398 praeberent3

323 2439 394 2490 nec
410 2419 563 2490 defuere
578 2419 728 2507 ingenia
750 2418 798 2485 ad
822 2416 1061 2505 theologicae,
1079 2416 1126 2486 ad
1144 2416 1423 2504 philosophicas
1439 2416 1667 2504 disciplinata,

327 2528 469 2596 nedum
492 2526 541 2594 ad
567 2526 705 2594 litteras
728 2523 958 2592 excolendas
981 2528 1067 2610 apte
1091 2528 1320 2610 comparata.
1344 2523 1403 2592 Ad
1428 2524 1522 2591 haec
1541 2524 1670 2611 ampli·

322 2633 474 2702 ficanda
497 2633 621 2700 studia
649 2630 839 2699 doctrinae
871 2631 1049 2699 novimus
1078 2637 1263 2716 quantum
1295 2629 1490 2698 contulerit
1519 2631 1667 2717 Regum

324 2740 601 2810 Catholicorum
625 2736 832 2824 liberalitas,
850 2741 1034 2824 quantum
1050 2755 1166 2822 opera
1188 2741 1301 2822 atque
1324 2735 1500 2806 instantia
1515 2737 1664 2823 Episco-

323 2865 471 2934 porum.
496 2844 564 2913 His
586 2863 700 2930 porro
725 2843 964 2912 incitamenta
992 2861 1105 2911 omne
1138 2861 1261 2930 genus
1291 2843 1422 2911 adiecit
1451 2842 1669 2929 Apostolioa

326 2955 454 3040 Sedes
480 2971 578 3040 quae
602 2951 638 3018 id
663 2955 845 3036 perpetuo
870 2951 1019 3036 studuit,
1046 2955 1085 3018 ut
1108 2949 1291 3019 sanctitati
1322 2967 1473 3018 morum
1504 2950 1671 3020 christia-

328 3080 467 3130 norum
480 3077 550 3127 nec
563 3057 821 3144 philosophiae
834 3057 972 3143 lumen,
986 3075 1056 3125 nec
1068 3056 1246 3143 politioris
1262 3057 1503 3125 humanitatis
1519 3055 1671 3126 deesset

324 3169 432 3236 nitor.
457 3168 538 3247 Quo
564 3166 601 3232 in
626 3182 763 3251 genere
787 3165 931 3251 insigne
956 3163 1063 3232 vobis
1091 3165 1199 3250 quasi
1229 3163 1496 3250 patrimonium
1528 3164 1671 3251 gloriae

325 3274 571 3343 transmisere
595 3271 664 3339 viri
695 3289 784 3339 cum
814 3270 946 3357 paucis
976 3271 1232 3356 comparandi,
1257 3269 1481 3338 Franciscus
1506 3269 1668 3356 Saurea,

329 3382 487 3448 Ioannes
513 3379 633 3466 Lupo,
661 3377 884 3446 Franciscus
914 3376 1072 3461 Toloha,
1092 3377 1313 3444 nominatim
1338 3395 1427 3446 vero
1445 3375 1672 3446 ll²onciseus

329 3485 515 3570 XimeneS,
536 3486 599 3573 qui
623 3486 738 3554 ductu
762 3484 1014 3572 auspiciisque
1038 3481 1261 3552 Pontificum
1286 3502 1534 3553 romanorum
1552 3485 1674 3570 potuit

323 3593 374 3660 ad
397 3592 500 3660 illam
534 3593 722 3661 doctrinae
758 3592 1028 3679 praestantiam
1064 3590 1301 3676 contendere,
1331 3610 1406 3677 qua
1441 3609 1517 3660 non
1553 3593 1671 3660 modo

327 3699 558 3785 Hispaniam,
584 3699 651 3768 sed
676 3699 892 3768 universam
910 3696 1108 3765 illustravit
1122 3699 1324 3783 Europam,
1341 3695 1560 3783 praesertim
1587 3715 1674 3764 con-

326 3807 462 3876 stitutis
487 3807 618 3876 studiis
634 3805 705 3874 illis
721 3804 1061 3891 Complutensibus,
1078 3804 1216 3891 quihus
1233 3803 1353 3872 edocti
1372 3803 1528 3871 iuvenes
1545 3801 1582 3870 in
1599 3801 1675 3872 Dei

331 3913 493 3983 Ecclesia
519 3912 725 4003 sapientiae
757 3911 969 4000 splendore,
999 3915 1194 3996 tonzqrtam
1224 3909 1353 3978 stellae
1380 3908 1590 3978 nictatione
1615 3927 1676 3978 co-

326 4026 538 4106 ruscantes,
565 4020 605 4089 in
629 4017 798 4088 ueritatis
822 4015 884 4086 oio
906 4022 1048 4086 eeteros
1072 4014 1286 4084 illuminare
1307 4021 1462 4106 possent
1478 4017 1535 4104 (l).
1552 4019 1610 4086 Ex
1626 4037 1671 4088 ea

328 4138 454 4216 segete
479 4133 555 4198 tam
572 4128 661 4196 scite
678 4128 895 4211 naviterque
911 4124 1070 4210 exculta,
1088 4123 1225 4192 cohors
1249 4123 1309 4193 illa
1333 4124 1450 4192 extitit
1472 4125 1673 4194 doctorum

329 4234 538 4320 illustrium,
563 4233 627 4320 qui
650 4253 672 4301 a
696 4249 855 4300 romano
887 4229 1064 4299 Pontifiee
1089 4235 1200 4317 atque
1224 4249 1246 4298 a
1271 4231 1374 4317 Rege
1402 4229 1590 4299 Catholico
1623 4231 1672 4300 ad

328 4341 526 4430 Synodum
542 4339 798 4409 Tridentinam
813 4337 962 4424 invitati,
980 4339 1175 4424 utriusque
1199 4337 1496 4424 expectationem
1521 4339 1672 4426 egregie

406 4583 441 4642 (i)
460 4579 616 4628 Alexander
636 4579 679 4635 VI,
698 4579 779 4624 Bulla
798 4575 882 4625 Inter
900 4583 1006 4635 celera,
1025 4577 1116 4624 idibus
1134 4577 1240 4636 Aprilis
1259 4577 1327 4623 1499.
