3674 5264
708 303 875 348 arrasum
897 304 919 348 1.
1270 299 1272 304 ·
1448 283 1485 346 71

142 397 290 482 pallatio¹
303 400 343 466 ad
368 400 542 486 coniugem
568 402 733 468 infidelem
749 403 931 492 'parvenire
957 413 1108 486 nequeat,
1128 403 1180 466 vel
1199 413 1247 466 est
1270 401 1409 466 multum
1425 400 1488 466 clii-

143 504 247 571 iicilis.
275 507 464 583 Quaeritur:
490 514 538 574 bn
569 509 671 595 possit
695 509 873 594 dispensari
899 508 937 574 ah
969 507 1229 594 interpellatione
1258 507 1417 592 coniugis,
1443 517 1489 570 at-

142 609 240 675 tentis
264 607 471 678 facultatibus
495 613 616 700 Synodi
642 615 865 704 Sntchuensis‚
892 633 962 700 cap.
990 618 1043 698 lll,
1069 612 1088 700 5
1113 617 1145 697 8,
1172 633 1254 698 quae
1277 612 1308 676 id
1326 611 1489 696 permittit

142 738 201 804 pro
226 719 418 784 difficultate
443 721 635 805 exquirendi
660 731 783 808 partem
806 719 1095 806 interpellandam,
1114 721 1167 785 tel
1192 720 1265 804 quia
1283 718 1315 783 in
1332 727 1416 782 tanta
1440 727 1488 781 est

145 826 294 890 distantia
320 836 356 890 ut
382 825 601 914 interpellatio
618 827 657 892 ad
683 827 771 892 illam
796 828 970 913 pervenire
988 838 1141 910 nequeat,
1159 826 1210 891 rel
1235 826 1348 890 saltem
1372 841 1423 888 res
1441 832 1488 886 est

144 930 287 996 multum
311 929 463 998 difficilis.
491 934 581 1010 Quod
612 931 787 999 deducitur
812 952 851 996 er
882 933 973 998 Brevi
1006 932 1152 1016 Gregorii
1185 935 1266 1013 xltt,
1299 929 1353 995 die
1377 933 1420 994 25
1444 933 1488 993 la·

143 1039 247 1104 nucarii
275 1045 371 1108 1585.
739 1053 741 1056 ’
901 1045 907 1056 ”
1153 1119 1154 1125 ¹
1380 1098 1384 1116 ,
1477 1041 1480 1050 “

235 1149 271 1210 ll.
299 1151 403 1238 Leges
428 1147 460 1212 in
485 1147 549 1211 illis
572 1147 760 1231 regionibns
786 1146 961 1212 admittunt
985 1146 1161 1212 divortium
1188 1156 1219 1210 ot
1250 1145 1394 1208 sinenses
1417 1161 1489 1207 snc-

54 1335 55 1338 ,
145 1251 269 1316 cessive
293 1252 406 1336 plures
430 1252 593 1338 recipiunt
618 1272 749 1335 uxores,
776 1263 820 1336 et,
848 1253 960 1317 relicta
984 1252 1238 1338 prima,'hahent
1262 1247 1434 1332 aliquando
1451 1245 1489 1311 st-

145 1355 204 1420 lios
227 1377 245 1422 a
269 1359 410 1423 secunda
434 1359 583 1423 muliere.
1199 1425 1205 1444 ,

236 1464 407 1540 Quaeritur
426 1469 455 1531 1.
482 1465 513 1531 Si
536 1465 640 1551 prima
658 1477 784 1530 recusat
801 1467 907 1530 rcdire
925 1485 997 1531 curn
1018 1467 1098 1548 viro,
1115 1465 1192 1530 lacta
1212 1462 1487 1548 interpellatione,

146 1571 333 1655 neophytus
356 1579 518 1656 potestne,
537 1572 665 1657 praevia
682 1571 921 1658 dispensatione
947 1572 1141 1658 disparitatis
1158 1571 1277 1650 cubuc,
1297 1567 1489 1632 contrahere

147 1695 221 1744 cnm
247 1677 388 1744 secunda
414 1677 551 1761 infideli,
577 1697 658 1762 quae
683 1690 807 1744 tanturn
826 1680 896 1743 rnlt
918 1677 1147 1759 cohabitare,a
1172 1695 1232 1761 qua
1258 1675 1368 1742 habuit
1385 1667 1491 1737 lilios?

237 1784 408 1859 Quaeritur
432 1789 464 1850 2.
492 1784 523 1851 Si
548 1786 691 1850 secunda
717 1787 837 1851 mulier
861 1785 999 1851 infidelis
1016 1785 1071 1850 det
1087 1803 1177 1871 sporn
1203 1783 1330 1847 loturae
1355 1797 1491 1862 couver-

147 1888 258 1969 sionis,
286 1889 361 1954 licet
385 1889 469 1955 salios
484 1910 549 1956 non
567 1891 693 1974 haheat,
711 1903 862 1978 potestne
879 1891 1031 1956 similiter
1047 1891 1228 1976 neophytus
1246 1885 1398 1968 coniungi
1415 1903 1489 1949 cum

149 1992 214 2074 illa,
242 1997 371 2078 praevia
397 1981 636 2080 dispensatione
661 1995 838 2081 utsupra?

238 2101 351 2174 Quaer.
380 2103 412 2166 3.
439 2104 472 2164 ln
497 2121 570 2166 casu
595 2103 682 2186 quod
708 2104 847 2180 secunda
879 2103 998 2167 mulier
1029 2101 1176 2166 converti
1206 2099 1304 2181 uelit,
1330 2098 1403 2162 satis
1429 2096 1492 2162 erit
1602 2130 1606 2146 ·

148 2216 272 2272 tantum
299 2207 500 2292 interpellari
528 2209 628 2294 prima
652 2228 690 2273 an
715 2209 860 2274 conrerti
891 2209 983 2292 velit,
1011 2209 1124 2275 omissa
1149 2207 1206 2271 alia
1238 2203 1491 2289 interrogatione

148 2332 186 2377 an
212 2315 392 2378 consentiat
417 2301 559 2380 habitare
580 2313 734 2401 pacifice?
1493 2293 1496 2304 ¹

240 2423 291 2485 ttt.
320 2421 435 2486 Evenit
467 2408 638 2505 aliquando
668 2422 755 2506 quod
781 2423 882 2508 primo
910 2421 1029 2487 mulier
1060 2420 1187 2486 vendita
1219 2431 1345 2484 maneat
1369 2417 1401 2480 iu
1424 2434 1491 2480 ser-

148 2523 268 2610 vitute,
295 2527 360 2612 ipsa
385 2547 464 2592 vero
490 2529 527 2593 ad
553 2528 761 2594 obtinendam
795 2530 978 2596 libertatem
1006 2530 1167 2594 consentit
1199 2536 1321 2592 tantum
1348 2521 1511 2588 hahitare

149 2633 296 2718 pacifice.
1279 2649 1282 2656 ’

237 2723 425 2814 Quaeritur:
453 2745 485 2806 1.
511 2745 559 2806 bn
584 2741 708 2826 primus
733 2741 781 2804 vir
811 2742 958 2807 eiusdem
991 2751 1137 2806 teneatur
1164 2738 1259 2827 (carn)
1288 2734 1450 2802 redimere
1475 2755 1491 2797 a

149 2845 320 2928 servitute,
348 2845 424 2910 licet
448 2865 512 2911 uon
538 2847 576 2910 ah
602 2847 669 2931 ipso
694 2831 825 2912 vendita
854 2847 965 2929 luerit,
991 2847 1047 2912 sed
1074 2847 1301 2934 aparentibus
1325 2844 1376 2908 tel
1403 2864 1418 2906 a
1441 2860 1492 2906 se·
1588 2893 1591 2901 .

150 2951 257 3016 cundo
283 2951 367 3033 viro,
393 2953 446 3035 qui
473 2964 583 3036 postea
610 2972 679 3018 eam
707 2953 912 3039 repudiarit?

238 3060 354 3134 Quaer.
382 3062 411 3124 ἓ.
437 3057 468 3124 Si
493 3058 679 3144 neophytus
705 3060 818 3125 habeat
843 3061 1017 3126 secundam
1042 3077 1176 3124 uxorein
1203 3060 1234 3122 in
1253 3057 1492 3138 infidelitate,a

150 3182 211 3247 qua
236 3162 320 3228 lilios
346 3164 469 3244 hahuit,
495 3177 528 3230 et
554 3167 631 3231 baec
662 3168 823 3232 consentit
855 3168 999 3232 converti
1025 3167 1062 3232 ad
1089 3167 1205 3247 lidem,
1231 3165 1282 3229 vel
1308 3160 1493 3228 cohabitare
1591 3233 1594 3241 ,

151 3271 181 3334 in
205 3289 299 3355 pace,
327 3281 476 3355 potestne
502 3271 587 3336 illam
613 3273 769 3355 retinere,
796 3285 949 3338 renovato
974 3293 1146 3355 consensu,
1173 3285 1208 3358 et
1232 3273 1303 3336 data
1328 3269 1498 3354 dispensa--

152 3379 253 3459 tione,
280 3378 305 3442 si
332 3375 533 3441 necessaria?
1390 3401 1392 3404 ·

238 3489 353 3562 Quaer.
381 3489 412 3550 3.
440 3487 473 3548 ln
498 3505 571 3548 cusu
597 3485 683 3568 quod
710 3487 813 3570 prima
838 3487 969 3562 mulier,
989 3498 1023 3550 ut
1048 3484 1237 3549 aservitute
1263 3484 1434 3560 liberetur,
1452 3481 1494 3545 si-

150 3595 253 3659 mulet
277 3613 312 3657 so
337 3579 423 3657 uelle
448 3591 595 3656 converti
613 3593 650 3655 ad
671 3591 781 3674 fidem,
802 3604 912 3677 posteo
938 3593 1082 3657 converti
1109 3601 1237 3656 recuset
1255 3602 1287 3654 et
1309 3587 1492 3653 cohabitare

151 3699 304 3784 pacilice,
330 3709 482 3782 potestne
508 3699 626 3762 coniux
651 3698 759 3762 denno
785 3699 929 3762 vendere
961 3696 1148 3762 infidelibus
1172 3697 1208 3760 ad
1237 3691 1492 3780 recuperandam

152 3799 337 3893 pecuniam,
365 3817 397 3870 et
421 3825 495 3872 cum
520 3806 619 3870 ultera
646 3805 677 3870 in
700 3805 906 3870 matrimonio
931 3801 1104 3890 coniungi?

240 3915 291 3978 tv.
319 3913 350 3978 Si
378 3914 559 3998 neophytus
585 3913 616 3976 in
642 3911 833 3977 infidelitate
867 3913 977 3996 plures
1011 3932 1128 3977 uxores
1161 3911 1271 3976 habuit
1299 3903 1492 3980 successive,

152 4039 229 4103 quas
256 4019 450 4104 repudiarit,
478 4018 530 4082 illa
559 4029 687 4100 autem,
720 4039 816 4102 quam
842 4019 873 4083 in
899 4031 970 4084 actu
996 4018 1215 4083 conversionis
1247 4015 1386 4092 retinet,
1420 4031 1495 4078 coh·

152 4127 249 4192 sentit
274 4125 419 4214 converti
445 4126 482 4190 ad
510 4125 622 4208 ladem,
648 4127 834 4211 neophytus
859 4137 1008 4210 potestne
1033 4125 1182 4208 coniungi
1208 4142 1282 4187 curn
1312 4121 1390 4205 ipsa,
1416 4119 1494 4202 quin

153 4233 253 4317 prima
280 4232 510 4316 interpelletur
543 4233 628 4295 iusta
658 4235 830 4298 Decretum
857 4253 872 4294 a
898 4232 950 4295 Pio
976 4235 1002 4296 V
1026 4250 1085 4315 pro
1111 4232 1195 4296 indis
1218 4228 1279 4294 suh
1308 4229 1362 4292 die
1388 4231 1407 4291 2
1431 4233 1494 4291 Atr-

155 4339 236 4422 gusti
267 4335 376 4403 tort?

242 4447 279 4508 V.
307 4445 340 4510 Si
365 4444 415 4507 vir
439 4444 578 4510 infidelis
605 4442 725 4508 habens
749 4463 887 4508 uxorem
912 4415 1086 4510 mulierem
1112 4442 1329 4525 christianam,
1358 4440 1495 4505 retineat

156 4551 367 4634 concubinas,
400 4564 550 4637 potestne
582 4551 646 4617 dici
677 4551 736 4616 hoc
763 4571 832 4616 osso
865 4552 1010 4617 iniuriam
1040 4551 1217 4634 CreatoriS,
1245 4551 1285 4616 ita
1310 4563 1346 4616 ut
1377 4549 1408 4615 in
1432 4549 1494 4613 hoc
