3650 5242
696 319 855 365 trasenna
1076 309 1079 316 '
1384 303 1441 368 lot

97 423 280 488 terrarum
307 419 409 488 orbis
434 420 602 506 partibus
630 419 667 488 in
691 420 789 489 banc
813 419 964 488 Almam
988 419 1132 490 Urbem
1153 421 1331 490 Nostram
1354 439 1439 490 con

98 544 231 596 venere
248 543 295 596 ac
311 525 489 596 Praeside
504 525 636 596 dilecto
654 525 742 596 Filio
758 526 894 594 Nostro
907 525 1057 596 Camillo
1071 527 1229 597 Sanctae
1243 529 1437 598 Romanae

97 634 284 708 Ecclesiae
296 634 461 702 Diacono
474 632 657 703 Cardinali
671 631 859 718 Mazzella‚
874 633 1319 721 Congregationislndicis
1332 637 1440 706 Prae·

97 741 184 812 lecto
201 741 263 820 ,ad
287 741 324 809 id
347 742 516 811 muneris
539 739 753 830 Apostolica
778 741 994 810 auctoritate
1017 740 1261 830 subdelegato
1280 762 1302 812 a
1323 744 1442 812 Vene

97 851 198 920 rabili
223 851 355 920 Fratre
377 852 514 920 Nostro
537 849 731 938 Raphaele
762 849 799 918 S.
824 851 1019 919 Romanae
1042 851 1229 921 Ecclesiae
1253 851 1439 923 Cardinali

97 959 257 1027 llonaco
282 959 337 1026 La
349 956 516 1044 Vallata,
541 957 726 1044 Episcopo
751 956 908 1025 Ostiensi
933 962 968 1025 et
980 956 1234 1043 Velitemensi,
1252 959 1443 1028 Poeniten-

97 1067 199 1136 llario
225 1066 379 1152 Maiore,
403 1069 440 1134 et
463 1065 738 1152 Trappensium
763 1069 979 1152 protectore,
1001 1082 1133 1134 mense
1149 1066 1297 1135 Octobri
1320 1066 1439 1154 ipsius

96 1171 305 1260 superioris
320 1169 407 1240 anni
424 1189 616 1240 uncccxcn
641 1170 676 1237 in
696 1169 855 1239 aedibus
871 1169 1067 1239 Seminarii
1084 1170 1210 1240 Gallici
1229 1171 1292 1240 SS.
1309 1171 1441 1241 Cordis

97 1279 248 1366 llariae,
273 1279 394 1364 prima
418 1279 590 1348 omnium
613 1277 946 1348 observantiarum
970 1278 1158 1366 generalia
1179 1280 1332 1350 Comitia
1349 1280 1441 1350 cele

97 1387 266 1455 bmrunt.
292 1386 358 1454 His
381 1389 507 1454 autem
532 1385 568 1452 in
592 1385 756 1454 Comitiis
779 1389 921 1454 tantam
945 1385 993 1453 illi
1017 1385 1295 1456 observantiam
1320 1405 1365 1456 ac
1382 1387 1441 1457 de

98 1496 289 1562 rationem
313 1493 402 1580 erga
427 1492 525 1561 hanc
548 1491 686 1562 Sedem
710 1491 985 1579 apostolicam,
1010 1491 1193 1580 regularis
1223 1492 1442 1580 disciplinae

97 1599 234 1686 zelum,
259 1599 487 1685 incrementi,
512 1617 557 1668 ac
580 1599 835 1686 prosperitatis
858 1599 1012 1668 instituti
1034 1599 1094 1668 sui
1109 1600 1286 1685 studium,
1303 1601 1445 1670 animo-

98 1726 183 1777 rum
217 1705 480 1792 concordiam,
504 1705 821 1792 consiliorumque
853 1705 1103 1774 maturitatem
1133 1707 1442 1795 praesetulerunt,

98 1823 138 1884 ut
159 1817 240 1883 Nos
265 1813 482 1900 ipsidicere
506 1830 581 1881 non
606 1811 904 1881 dubitaverimus
930 1813 1001 1879 «in
1025 1812 1173 1882 Ordinis
1200 1813 1352 1882 historia
1381 1814 1445 1883 Ca·

99 1921 260 2009 pitulum
290 1918 380 1988 illud
411 1918 567 1988 maximi
603 1918 783 1988 momenti
818 1917 1022 1987 iuturrun»
1048 1925 1085 1986 et
1110 1919 1290 2007 singulari
1322 1918 1445 1989 laudis

100 2027 303 2114 praeconio
327 2025 546 2113 prosequuti
570 2025 692 2094 simus
718 2024 948 2112 «praeclara
971 2044 1068 2112 quae
1092 2027 1301 2113 praebuere
1318 2029 1446 2098 unani·

101 2138 239 2208 mitatis
263 2142 299 2205 et
322 2153 530 2224 generosae
553 2133 812 2222 abnegationis
835 2139 1102 2222 argumenta.»

190 2245 270 2314 lam
297 2261 387 2310 vero
404 2241 454 2311 uti
471 2240 578 2328 plura
595 2240 842 2328 capitulariter
858 2242 1048 2328 proposita
1065 2241 1263 2310 inserenda
1281 2249 1391 2312 erunt
1406 2244 1444 2313 in

99 2350 431 2421 forrsdtutionibus
447 2349 543 2418 intra
558 2366 702 2418 annum
719 2347 840 2416 eidem
858 2347 1131 2435 Episcoporum
1148 2354 1184 2418 et
1200 2348 1444 2436 Regularium

5 2489 7 2512 r
100 2458 386 2550 Congregationi
409 2456 641 2540 exhibendis,
667 2461 779 2544 atque
803 2475 877 2524 una
902 2474 992 2524 cum
1016 2455 1075 2524 his
1097 2455 1375 2543 perpendenda,
1395 2459 1444 2528 ita

101 2566 280 2636 nonnulla
298 2569 436 2650 extant,
453 2563 529 2633 iere
545 2563 675 2632 omnia
689 2563 882 2632 communi
899 2561 1049 2631 calculo
1061 2562 1229 2648 probata,
1243 2563 1290 2632 de
1306 2563 1444 2650 quibus

103 2677 138 2742 in
163 2691 348 2760 praesens
371 2676 428 2740 est
443 2671 729 2759 providendum,
747 2688 795 2739 ne
815 2669 980 2757 amplius
1003 2688 1189 2757 suspensa
1214 2669 1445 2757 relinquatur

105 2801 147 2850 ac
179 2781 319 2850 incerta
351 2778 508 2848 instituti
538 2777 720 2862 conditio;
752 2777 928 2863 ideoque,
953 2777 1130 2846 omnibus
1161 2777 1213 2844 rei
1245 2778 1446 2848 momentis

103 2893 238 2956 attento
262 2905 307 2958 ac
331 2885 464 2955 sedulo
488 2885 662 2954 examine
686 2885 883 2972 perpensis
906 2903 994 2953 cum
1012 2883 1299 2954 Venerabilibus
1315 2885 1445 2954 Fratri·

105 2993 176 3062 bus
203 2993 348 3064 Nostris
377 2992 537 3062 Sanctae
562 2993 756 3061 Romanae
784 2991 971 3061 Ecclesiae
1001 2990 1260 3060 cardinalibus
1288 2990 1446 3078 negotiis

106 3107 143 3169 rt
171 3099 506 3170 consultationibus
538 3099 809 3186 Episcoporum
839 3104 877 3167 et
909 3097 1154 3186 Regularium
1189 3098 1444 3186 expediendis,

107 3207 398 3294 dirimendisque
421 3205 654 3292 praepositis,
671 3205 765 3276 baec
781 3224 879 3292 quae
895 3204 1128 3292 infrascripta
1145 3211 1234 3273 sunt
1249 3204 1446 3275 statuenda

104 3333 152 3380 ac
174 3311 408 3382 deuemenda
433 3311 744 3382 existimavimus.
769 3312 954 3380 Nimirum
983 3331 1118 3381 omnes
1134 3317 1170 3382 et
1184 3311 1354 3400 singulos
1369 3313 1446 3399 qui·

106 3419 180 3488 bus
202 3422 358 3488 Nostrae
382 3419 454 3488 hae
478 3417 636 3488 Litterae
659 3417 785 3489 tavent
807 3419 983 3506 peculiari
1007 3419 1264 3488 benevolentia
1281 3419 1445 3506 comple-

105 3533 253 3614 ctentes,
277 3533 314 3596 et
335 3545 360 3596 a
383 3525 582 3614 quibusvis
605 3526 1006 3596 excommunicationis
1028 3530 1064 3594 et
1088 3525 1265 3594 interdicti
1289 3525 1446 3612 aliisque

108 3623 365 3704 ecclesiasticis
388 3633 569 3720 censuris,
595 3633 786 3704 sententiis
803 3638 838 3701 et
853 3633 985 3720 poenis
1000 3633 1136 3720 quovis
1152 3631 1267 3701 modo
1283 3631 1342 3701 vel
1359 3651 1448 3718 qua-

110 3739 171 3806 vis
191 3741 234 3810 de
257 3761 374 3812 causa
399 3740 495 3826 latis,
521 3741 551 3808 si
576 3759 672 3828 quas
703 3739 796 3810 forte
825 3741 1064 3828 incurrerint,
1088 3740 1202 3808 buius
1224 3743 1370 3808 tantum
1393 3739 1448 3807 rei

109 3849 225 3927 gmda
257 3849 498 3918 absolventes
532 3854 568 3917 et
601 3847 796 3918 absolutos
819 3846 898 3916 lore
922 3856 1140 3932 censenteS‚
1165 3848 1269 3915 Motu
1293 3845 1445 3932 proprio

108 3965 218 4039 atque
246 3974 296 4024 ex
322 3959 422 4024 certa
454 3953 608 4024 scientia
637 3957 673 4022 ct
705 3959 852 4024 matura
877 3954 1140 4024 deliberatione
1164 3954 1298 4022 Nostra
1323 3951 1446 4037 deque

111 4059 341 4144 Apostolicae
378 4061 572 4148 potestatis
596 4061 840 4148 plenitudine,
865 4061 1121 4148 praesentimn
1145 4059 1198 4146 vi,
1223 4061 1448 4145 perpetuum

112 4163 151 4230 in
179 4166 325 4236 modum
350 4167 533 4237 edicimus
556 4185 601 4238 ac
624 4170 864 4238 mandamus.

205 4271 228 4338 l.
246 4274 293 4344 Ut
306 4279 384 4344 tres
399 4274 698 4344 Cistercieusium
715 4275 1001 4361 Trappistarum
1016 4271 1283 4342 observantiae
1299 4269 1450 4340 Westa·

111 4373 309 4466 melleraie,
333 4378 642 4468 Septemlontium
665 4387 701 4448 et
723 4379 1024 4450 Mellereacensis
1047 4398 1168 4449 unum
1192 4378 1349 4466 posthac
1372 4381 1448 4447 tan-

110 4487 200 4550 tum
221 4483 389 4555 Ordinem
413 4487 640 4557 constituant
662 4485 735 4555 sub
759 4486 871 4556 unius
895 4487 1107 4573 Superioris
1130 4485 1321 4574 regimine.

209 4587 244 4656 ll.
260 4591 357 4663 llaec
368 4594 615 4682 Congregatio
631 4594 765 4664 existet
776 4598 981 4664 autonoma
997 4594 1070 4664 sub
1086 4593 1199 4662 unius
1211 4591 1450 4680 Apostolicae
