3672 5216
679 311 913 386 incursorum
1410 299 1466 362 101

128 410 264 506 locum,
297 414 473 490 observat
502 419 701 516 patronus,
733 414 975 516 exploratum
1004 417 1044 494 in
1082 418 1165 494 inre
1205 443 1286 494 esse
1329 419 1471 522 limites

132 534 390 633 paroeciarum
416 534 570 610 omnino
598 540 721 610 certos
749 559 830 609 esse
850 534 994 612 debere.
1019 538 1063 613 ln
1084 537 1253 614 themate
1274 563 1471 617 varocum
1525 521 1526 526 ¹

128 676 248 730 novae
276 654 381 730 urbis
409 654 532 746 001100,
565 660 608 730 01
637 679 684 729 ex
714 657 806 756 typo
835 657 1064 757 geometrico
1093 658 1133 734 in
1153 659 1250 736 actis
1270 659 1385 753 edite,
1408 686 1473 737 su-

128 773 318 875 perficiem
339 775 532 852 interioris
552 775 716 852 ambitus
735 779 1020 880 occupaverint,
1040 805 1131 856 num
1159 781 1249 856 illae
1278 781 1388 858 aedes
1412 783 1473 859 ul-

126 895 186 968 tra
213 895 278 970 vel
308 895 407 972 citra
435 895 574 971 lineam
604 895 741 972 ianuae
763 897 909 997 positae
929 899 1022 992 sint,
1040 898 1209 1002 intelligi
1229 925 1305 978 non
1326 906 1468 1003 posset.

205 1013 368 1120 Insuper
395 1015 607 1109 contendit,
630 1014 822 1092 decretum
843 1019 934 1094 anni
959 1018 1062 1096 1825
1091 1019 1241 1096 nullum
1264 1019 1368 1096 alind
1387 1045 1474 1124 pro-

128 1141 295 1246 positum
324 1140 498 1234 habuisse
527 1165 638 1242 quarn
660 1123 919 1244 paroeciarum
948 1144 1228 1246 separationem
1261 1145 1365 1220 inter
1406 1169 1472 1220 ur-

123 1266 209 1342 Ι110111
237 1266 278 1337 01
306 1285 433 1364 agros.
466 1261 547 1337 Hoc
576 1286 666 1337 vero
707 1261 961 1339 demonstrari
1002 1269 1180 1340 autumat
1207 1289 1256 1340 ex
1284 1289 1327 1340 eo
1370 1265 1467 1366 quod

127 1383 339 1488 Episcopus
367 1380 535 1458 Villaret
563 1382 608 1458 de
637 1388 807 1484 onpsr'nz’s
833 1384 946 1458 extra
972 1384 1102 1459 urbem
1144 1383 1294 1460 locutus
1337 1381 1469 1478 fuerit,
1585 1408 1589 1421 ·

124 1529 222 1605 quae
251 1502 419 1605 praecise
446 1503 491 1576 ab
519 1501 708 1605 Episcopo
736 1502 1002 1603 D'Angennes
1030 1503 1321 1580 dismembratae
1341 1508 1473 1606 postea
1573 1493 1574 1500 ¹

126 1625 300 1700 luerunt.
333 1622 394 1698 Ita
419 1621 565 1724 pariter
592 1621 645 1698 ex
668 1647 711 1698 eo
739 1622 836 1724 quod
870 1627 1061 1725 peractam
1098 1623 1325 1701 divisionem
1361 1624 1475 1731 Ordi-
1531 1673 1535 1682 -

131 1747 264 1824 narius
305 1745 442 1848 populo
479 1746 676 1822 nuntiavit
705 1747 765 1822 his
803 1747 948 1858 verbis:
985 1747 1184 1824 districtus
1226 1733 1499 1826 territorialis

128 1874 240 1943 extra
269 1867 419 1942 moenia
447 1867 608 1969 positus,
641 1867 717 1944 fuit
743 1873 1039 1969 segregatus...
1071 1871 1110 1943 et
1145 1873 1295 1944 erectus
1338 1869 1378 1944 in
1409 1893 1478 1944 no·

126 2013 215 2064 vam
247 1986 476 2090 pameciam;
509 1987 600 2088 quin
637 1987 681 2062 de
723 1989 886 2064 termino
914 2013 937 2063 a
964 1988 1080 2064 ianua
1120 1990 1332 2066 constituto
1374 1990 1474 2064 ratio

125 2107 207 2182 ulla
235 2105 365 2182 habita
392 2105 524 2182 fuerit.
557 2105 750 2199 Ceterum,
783 2107 881 2182 hanc
909 2107 1136 2184 divisionem
1154 2109 1257 2184 inter
1273 2108 1473 2185 districtus

128 2228 292 2303 urbanos
321 2231 360 2301 et.
388 2226 535 2303 rurales
564 2251 641 2303 non
669 2228 777 2302 inodo
805 2229 849 2302 ab
868 2227 1125 2304 ecclesiastica
1145 2229 1390 2324 auctoritate,
1409 2229 1473 2304 sed

122 2353 164 2424 61
192 2374 217 2422 a
246 2346 468 2450 municipali
498 2348 737 2449 recognitum
766 2347 884 2424 fuisse
912 2348 1032 2424 tradit
1060 2348 1136 2424 iam
1165 2349 1209 2424 ab
1228 2373 1328 2424 anuo
1353 2349 1470 2426 1888.

210 2468 417 2543 Praeterea
445 2467 749 2570 perpendendum
778 2467 865 2543 vult
901 2472 1043 2562 orator,
1085 2470 1125 2544 in
1166 2469 1284 2544 citato
1326 2470 1475 2560 decreto

127 2612 228 2664 novo
243 2587 406 2690 parocho
421 2589 649 2664 attributum
670 2587 788 2664 suisse
811 2617 829 2660 ‹
851 2585 1069 2666 districtum
1085 2614 1150 2664 seu
1169 2590 1407 2666 territorium
1426 2621 1444 2662 »
1463 2618 1472 2668 :

124 2710 262 2810 quibus
291 2686 460 2810 prolecto
488 2707 658 2811 intelligi
686 2713 832 2809 nequit,
865 2715 908 2785 01
936 2709 1016 2812 ipse
1043 2710 1114 2800 ait,
1138 2735 1299 2812 parvum
1324 2711 1475 2811 aliquod

123 2830 296 2932 spatium
325 2828 517 2904 moenibus
545 2829 811 2904 interiectum·
837 2828 1476 2910 86000011101110010101060001100

126 2949 330 3052 legendum
359 2953 474 3043 esset,
506 2955 549 3026 ut
578 2951 791 3028 iurisdictio
818 2956 930 3027 extra
958 2953 1107 3028 moenia
1123 2979 1190 3055 pro
1209 2954 1472 3032 iurisdictione

125 3071 232 3146 intra
261 3069 409 3146 moenia
437 3069 654 3147 haberetur.
685 3071 921 3148 Distantianr
950 3097 1041 3148 vero
1070 3074 1210 3150 ruralis
1238 3073 1475 3152 districtusa

124 3193 322 3270 moenibus
350 3218 433 3270 eam
462 3219 543 3271 esse
572 3199 717 3290 tuetur,
749 3220 844 3297 quae
873 3196 1029 3274 huiusce
1057 3198 1353 3300 significationis
1388 3225 1475 3302 pro-

124 3315 341 3393 miscuitati
367 3319 505 3394 obstet.
538 3319 691 3396 Recolit
720 3320 905 3421 siquidem
933 3322 1218 3424 propinquiores
1247 3323 1287 3400 S.
1319 3324 1472 3401 loannis

120 3438 234 3514 aedes
264 3437 369 3514 ultra
396 3437 621 3514 milliarium
650 3465 672 3514 a
700 3464 896 3516 murorum
924 3442 1069 3517 ambitu
1101 3444 1242 3536 abesse,
1274 3443 1384 3544 idque
1411 3443 1476 3520 de·

123 3563 334 3639 monstrari
364 3565 477 3664 putat
503 3587 553 3639 ex
581 3588 624 3641 eo
652 3563 749 3665 quod
777 3588 825 3639 ex
861 3564 1100 3641 domunculis
1137 3567 1178 3642 in
1220 3565 1369 3641 decreto
1410 3567 1475 3642 de-

122 3681 296 3784 scriptis,
327 3705 422 3781 0006
453 3682 579 3758 minus
608 3684 653 3760 ab
681 3684 770 3759 urbe
789 3682 909 3759 distat
931 3715 948 3754 c
973 3683 1010 3759 la
1029 3684 1239 3760 Vesoova»
1262 3686 1372 3761 iuxta
1387 3710 1475 3786 geo-

125 3801 291 3878 metram
320 3801 534 3903 Callegaris
562 3803 618 3878 his
646 3807 801 3879 centum
821 3817 934 3906 super
954 3804 1058 3882 mille
1083 3805 1253 3907 passibus
1273 3831 1296 3880 a
1313 3805 1473 3881 civitate
1523 3883 1526 3890 ,

122 3919 380 4022 disiungitur.
414 3922 558 4013 Quibus
588 3923 737 4026 positia,
769 3929 899 4000 censet
926 3925 1149 4001 adiunctum
1178 3924 1274 4000 illud
1306 3924 1403 4025 quod
1433 3925 1473 3999 in

125 4039 281 4116 decreto
310 4040 455 4142 legitur
486 4043 558 4118 «01
588 4047 775 4120 nocturno
803 4049 972 4146 ternpore
1000 4045 1172 4122 civitatis
1192 4047 1327 4122 ianuas
1347 4043 1472 4121 claudi

125 4161 401 4264 contingeret»
424 4186 520 4255 esse,
541 4169 692 4265 praeter
705 4163 931 4240 distantiam
950 4170 988 4240 et
1008 4165 1289 4260 difficultatem,
1312 4165 1474 4242 alteram

125 4283 421 4374 dismembrandi
442 4289 652 4382 rationem,
684 4289 841 4364 minime
869 4314 959 4365 vero
986 4291 1193 4366 terminum
1223 4291 1265 4366 in
1303 4291 1384 4366 loco
1417 4291 1473 4392 ia-

128 4427 225 4481 nuac
252 4409 293 4481 et
321 4405 445 4481 lineae
474 4405 748 4484 definitionem.
780 4408 888 4496 Quod
917 4409 1034 4484 etiam
1063 4410 1279 4486 confirmari
1316 4409 1473 4485 adnotat

124 4550 174 4600 ex
202 4526 344 4628 plurali
375 4551 547 4620 numero,
579 4553 651 4629 quo
680 4529 892 4631 Episcopus
920 4553 1012 4604 usus
1041 4529 1137 4622 fuit3
1172 4557 1260 4606 nam
1290 4531 1321 4605 si
1355 4530 1400 4604 de
1432 4531 1476 4604 li-

128 4646 237 4724 nibus
265 4648 416 4724 locutus
444 4649 596 4744 fuisset,
629 4673 704 4726 non
731 4648 880 4742 ianuas,
903 4647 967 4724 sed
986 4649 1139 4726 ianuam
1168 4650 1416 4726 nominasset.
