3650 5242
337 261 394 322 154
917 279 1085 325 rumores.

336 381 470 456 floreat
484 381 741 475 observantia,
759 386 799 457 et
819 381 1028 484 periculum
1048 382 1299 459 relaxationis
1318 383 1474 484 regulae
1489 389 1679 461 arceatur.

337 499 408 578 Sed
436 501 535 577 idem
562 502 721 578 effectus
762 526 889 578 nonne
930 504 1090 578 obtineri
1135 509 1261 606 potest
1303 503 1453 580 unitate
1481 506 1682 606 regiminis

335 621 612 729 Superiorissae
630 623 829 699 Generalis
845 623 859 697 't
888 624 1009 724 quoad
1030 624 1240 701 utilitatem
1260 625 1301 701 in
1321 625 1452 700 ordine
1472 626 1680 720 materiali,

339 740 546 819 Consultor
574 746 691 843 negat
719 766 800 818 eam
830 743 959 818 haberi
988 767 1095 845 posse
1122 769 1170 820 ex
1198 745 1346 821 actione
1372 745 1585 848 Superioris
1606 747 1684 822 Ge-

336 861 493 955 neralis,
524 862 589 963 qui
617 861 758 938 residet
787 863 827 938 in
855 862 982 939 abdita
1014 863 1162 940 Galliae
1191 869 1313 967 parte,
1339 866 1429 942 dum
1455 866 1681 942 institutum

334 982 499 1058 filiarum
521 985 565 1058 dc
586 983 624 1056 la
645 982 807 1084 Sapra-se
824 985 941 1059 etiam
970 985 1009 1060 in
1029 986 1293 1061 remotissimis
1313 993 1424 1064 extat
1444 988 1675 1088 regionibus.

335 1103 467 1190 Quoad
495 1103 633 1178 damna
660 1106 699 1178 et
726 1103 1050 1194 inconvenientia,
1083 1129 1178 1204 quae
1208 1106 1397 1182 Moniales
1425 1107 1557 1183 dicunt
1595 1131 1685 1209 pro-

333 1225 481 1302 fectura
508 1249 558 1300 ex
585 1224 852 1302 immutatione
871 1226 912 1302 in
934 1225 1103 1327 generali
1131 1225 1310 1304 instituti
1329 1227 1559 1320 directione,
1579 1213 1684 1306 Oon'-

334 1345 458 1421 sultor
485 1345 635 1446 reponit
663 1343 759 1444 quod
789 1345 932 1421 unitati
975 1345 1174 1450 regiminis
1216 1346 1430 1422 consulitur
1467 1373 1533 1449 per
1562 1348 1683 1451 Supe-

332 1465 527 1542 riorissam
556 1466 808 1542 Generalem:
856 1467 947 1542 haec
989 1491 1075 1543 cum
1117 1466 1288 1546 Consilio
1315 1469 1494 1545 Generali
1523 1483 1680 1562 suarum

334 1610 505 1662 sororum
533 1585 706 1689 disponet
734 1587 908 1688 quicquid
937 1586 1073 1662 melius
1102 1587 1147 1664 ad
1177 1592 1321 1664 rectam
1356 1589 1681 1691 Congregationis

333 1703 575 1806 disciplinam
602 1709 642 1781 et
670 1705 840 1806 regimen
868 1707 1065 1782 conducet.
1098 1705 1181 1794 Quo
1202 1733 1300 1806 ,vero
1327 1709 1374 1784 ad
1402 1710 1593 1785 moliorem
1622 1708 1684 1784 di-

333 1825 543 1900 rectionem
581 1826 834 1902 conscientiae
863 1825 1071 1902 habendam
1100 1854 1166 1929 per
1192 1855 1256 1933 pp.
1281 1829 1544 1906 Missionarios
1578 1830 1684 1907 Con-

332 1944 567 2044 gregationis
608 1945 820 2038 Marianae,
860 1947 1036 2022 observat
1079 1947 1299 2040 Consultor,
1340 1947 1438 2024 nihil
1481 1948 1679 2049 prohibere

330 2064 531 2163 quominus
561 2063 599 2140 hi
628 2071 815 2142 vocentur
833 2091 856 2141 a
875 2065 1133 2169 Superiorissa
1156 2066 1335 2144 Generali
1355 2069 1396 2172 in
1417 2068 1682 2172 spiritualibus

330 2185 526 2260 exercitiis
556 2210 623 2261 seu
651 2191 695 2262 ut
723 2185 1019 2265 Ooncionatores
1048 2211 1115 2262 seu
1143 2193 1186 2264 ut
1216 2186 1464 2282 Confessarii,
1496 2189 1608 2265 sicuti
1637 2190 1681 2266 in

264 2323 265 2331 ’
333 2304 635 2405 praesentiarum
678 2307 735 2382 nil
776 2306 949 2410 prohibet
989 2309 1189 2407 quominus
1218 2308 1258 2382 hi
1287 2313 1490 2385 sumantur
1517 2334 1538 2384 e
1566 2307 1682 2386 Claro

336 2423 524 2500 saeculari
542 2426 841 2527 respectivarum
859 2427 1084 2503 dioecesum.
1107 2429 1237 2504 Tertio
1256 2429 1406 2504 demum
1425 2429 1545 2530 quoad
1565 2429 1682 2504 timo-

330 2567 411 2620 rem
441 2546 611 2621 scandali
640 2571 662 2621 a
691 2546 920 2623 Monialibus
963 2552 1178 2650 oggestum,
1211 2548 1416 2628 Consultor
1459 2553 1571 2652 putat
1607 2548 1680 2624 hoc

329 2687 410 2740 esse
440 2665 662 2768 phantasiae
689 2665 1005 2744 deliramentum:
1037 2669 1221 2770 siquidem
1249 2693 1324 2746 non
1350 2670 1480 2770 agitur
1500 2668 1544 2744 de
1565 2669 1679 2745 totali

330 2786 566 2886 separatione
594 2787 947 2864 communicationis
975 2789 1077 2864 inter
1107 2794 1305 2891 utramque
1330 2788 1678 2890 Congregationem

329 2904 392 2980 sed
422 2905 655 2982 solummodo
696 2905 740 2980 de
783 2931 858 2983 non
901 2909 1139 3010 approbanda
1175 2909 1297 2985 forma
1326 2908 1538 3010 regiminis,
1578 2933 1678 3009 wquae

328 3030 593 3127 praeterquam
632 3026 727 3126 quod
769 3032 923 3128 poneret
965 3055 1081 3104 unam
1124 3029 1471 3131 Congregationem
1508 3031 1576 3106 sub
1613 3029 1680 3104 de-

327 3143 534 3247 pendentia
552 3146 728 3236 alterius,
750 3149 959 3224 contrairet
978 3175 1030 3224 ss.
1053 3173 1241 3226 canonum
1269 3150 1593 3252 dispositionibus.
1612 3149 1676 3226 Ex

327 3264 405 3340 alia
431 3271 541 3368 parte
569 3291 660 3342 vero
688 3265 734 3341 ad
763 3266 802 3342 S.
826 3267 1171 3370 Congrcgationem
1210 3275 1356 3371 spectat
1391 3271 1446 3346 ita
1475 3269 1672 3372 negotium

327 3383 533 3485 prudenter
562 3385 740 3486 dirigere,
763 3391 808 3461 ut
828 3387 940 3462 etiam
972 3389 1103 3464 umbra
1131 3387 1299 3464 scandali
1333 3395 1523 3465 arceatur.
1548 3387 1677 3476 Quare

327 3505 521 3581 concludit
550 3506 771 3598 Consultor,
793 3508 1019 3585 documenta
1045 3513 1085 3585 et
1113 3507 1356 3585 deductiones
1385 3508 1612 3585 Monialium
1632 3509 1673 3585 in

327 3625 434 3703 nullo
463 3629 585 3730 pretio
613 3627 800 3704 habendas
828 3652 909 3703 esse
938 3630 1089 3705 etiamsi
1123 3629 1335 3705 necessaria
1376 3629 1675 3706 authenticitate

326 3772 392 3823 seu
421 3747 600 3850 Episcopi
633 3749 879 3826 Lucionensis
907 3749 1174 3851 approbatione
1203 3751 1392 3851 praeditae
1422 3751 1561 3841 l'orent,
1580 3775 1675 3851 quae

326 3873 455 3944 tamen
484 3869 524 3945 in
555 3869 657 3945 facto
685 3867 804 3944 deest.
1347 3947 1354 3962 ,

405 3988 476 4066 Sed
505 3989 680 4092 sepositis
705 3989 899 4090 hucusque
919 3986 1048 4082 dictis,
1071 3990 1199 4092 pergit
1219 3989 1441 4080 Consultor,
1464 3989 1610 4066 theoria
1629 3990 1675 4066 de

324 4111 509 4186 unicitate
538 4110 749 4213 Superioris
780 4109 979 4185 Generalis
1009 4109 1049 4185 in
1078 4116 1238 4211 utraque
1267 4111 1574 4212 Congregatione
1607 4135 1676 4186 ne-

323 4227 414 4304 dum
442 4231 647 4332 opponitur
667 4229 838 4306 canonici
859 4230 953 4305 iuris
981 4228 1218 4332 disciplinae,
1241 4232 1305 4305 sed
1324 4237 1384 4307 est
1402 4231 1522 4326 lomes
1542 4230 1671 4306 litium

322 4355 362 4424 et
389 4348 676 4444 discordiarum,
700 4353 782 4426 tum
803 4348 922 4450 quoad
950 4349 1147 4426 internum
1175 4351 1353 4427 instituti
1377 4351 1563 4451 regimen,
1586 4355 1670 4425 tum

322 4469 493 4546 exterius
522 4471 641 4572 quoad
670 4469 973 4547 iurisdictionem
1002 4469 1310 4548 Ordinariorum.
1341 4471 1421 4550 Nec
1449 4472 1559 4546 iuvat
1587 4496 1674 4547 cnm

325 4587 556 4666 Monialibus
584 4615 770 4694 opponere
799 4591 894 4692 quod
923 4615 990 4693 per
1019 4590 1097 4668 fere
1126 4591 1199 4668 duo
1226 4592 1377 4670 saecula
1415 4593 1507 4669 haec
1539 4594 1675 4670 incon-
