<?xml version="1.0" encoding="UTF-8"?>
<!DOCTYPE html PUBLIC "-//W3C//DTD XHTML 1.0 Transitional//EN"
    "http://www.w3.org/TR/xhtml1/DTD/xhtml1-transitional.dtd">
<html xmlns="http://www.w3.org/1999/xhtml" xml:lang="en" lang="en">
 <head>
  <title>
</title>
<meta http-equiv="Content-Type" content="text/html;charset=utf-8" />
  <meta name='ocr-system' content='tesseract 3.04.00' />
  <meta name='ocr-capabilities' content='ocr_page ocr_carea ocr_par ocr_line ocrx_word'/>
</head>
<body>
  <div class='ocr_page' id='page_1' title='image "actasanctaesedi01popegoog_0040.png"; bbox 0 0 3674 5262; ppageno 0'>
   <div class='ocr_carea' id='block_1_1' title="bbox 676 309 1484 372">
    <p class='ocr_par' dir='ltr' id='par_1_1' title="bbox 676 309 1484 372">
     <span class='ocr_line' id='line_1_1' title="bbox 676 309 1484 372; baseline 0.01 -8"><span class='ocrx_word' id='word_1_1' title='bbox 676 318 718 364; x_wconf 79' lang='lat' dir='ltr'>ex</span> <span class='ocrx_word' id='word_1_2' title='bbox 741 319 767 364; x_wconf 90' lang='lat' dir='ltr'>s.</span> <span class='ocrx_word' id='word_1_3' title='bbox 791 320 820 364; x_wconf 91' lang='lat' dir='ltr'>c.</span> <span class='ocrx_word' id='word_1_4' title='bbox 846 319 968 365; x_wconf 78' lang='lat' dir='ltr'>arroux</span> <span class='ocrx_word' id='word_1_5' title='bbox 1446 309 1484 372; x_wconf 84' lang='lat'>33</span> 
     </span>
    </p>
   </div>
   <div class='ocr_carea' id='block_1_2' title="bbox 137 422 1573 1244">
    <p class='ocr_par' dir='ltr' id='par_1_2' title="bbox 137 422 1485 832">
     <span class='ocr_line' id='line_1_2' title="bbox 137 422 1485 514; baseline 0.004 -22"><span class='ocrx_word' id='word_1_6' title='bbox 137 422 284 492; x_wconf 86' lang='lat' dir='ltr'>Ritibus</span> <span class='ocrx_word' id='word_1_7' title='bbox 308 422 520 512; x_wconf 76' lang='lat' dir='ltr'>praepositi,</span> <span class='ocrx_word' id='word_1_8' title='bbox 545 423 723 492; x_wconf 92' lang='lat' dir='ltr'>omnibus</span> <span class='ocrx_word' id='word_1_9' title='bbox 747 429 921 494; x_wconf 89' lang='lat' dir='ltr'>accurato</span> <span class='ocrx_word' id='word_1_10' title='bbox 942 425 1116 494; x_wconf 77' lang='lat' dir='ltr'>examine</span> <span class='ocrx_word' id='word_1_11' title='bbox 1140 428 1345 514; x_wconf 90' lang='lat' dir='ltr'>perpensis,</span> <span class='ocrx_word' id='word_1_12' title='bbox 1370 432 1406 497; x_wconf 93' lang='lat' dir='ltr'>et</span> <span class='ocrx_word' id='word_1_13' title='bbox 1421 448 1485 498; x_wconf 90' lang='lat' dir='ltr'>au-</span> 
     </span>
     <span class='ocr_line' id='line_1_3' title="bbox 137 529 1484 620; baseline 0.006 -22"><span class='ocrx_word' id='word_1_14' title='bbox 137 530 211 598; x_wconf 91' lang='lat' dir='ltr'>dito</span> <span class='ocrx_word' id='word_1_15' title='bbox 240 547 337 598; x_wconf 88' lang='lat' dir='ltr'>voce</span> <span class='ocrx_word' id='word_1_16' title='bbox 365 533 402 600; x_wconf 89' lang='lat' dir='ltr'>et</span> <span class='ocrx_word' id='word_1_17' title='bbox 427 529 566 616; x_wconf 89' lang='lat' dir='ltr'>scripto</span> <span class='ocrx_word' id='word_1_18' title='bbox 595 532 637 598; x_wconf 86' lang='lat' dir='ltr'>R.</span> <span class='ocrx_word' id='word_1_19' title='bbox 655 530 693 596; x_wconf 91' lang='lat' dir='ltr'>P.</span> <span class='ocrx_word' id='word_1_20' title='bbox 711 531 752 598; x_wconf 88' lang='lat' dir='ltr'>D.</span> <span class='ocrx_word' id='word_1_21' title='bbox 769 531 979 620; x_wconf 81' lang='lat' dir='ltr'>Augustino</span> <span class='ocrx_word' id='word_1_22' title='bbox 1004 531 1167 620; x_wconf 88' lang='lat' dir='ltr'>Caprara</span> <span class='ocrx_word' id='word_1_23' title='bbox 1199 533 1357 604; x_wconf 87' lang='lat' dir='ltr'>Sanctae</span> <span class='ocrx_word' id='word_1_24' title='bbox 1383 535 1484 606; x_wconf 86' lang='lat' dir='ltr'>Fidei</span> 
     </span>
     <span class='ocr_line' id='line_1_4' title="bbox 137 630 1485 728; baseline 0.004 -22"><span class='ocrx_word' id='word_1_25' title='bbox 137 639 371 722; x_wconf 89' lang='lat' dir='ltr'>Promotore,</span> <span class='ocrx_word' id='word_1_26' title='bbox 397 636 680 706; x_wconf 86' lang='lat' dir='ltr'>rescribendum</span> <span class='ocrx_word' id='word_1_27' title='bbox 698 642 946 710; x_wconf 90' lang='lat' dir='ltr'>censuerunt:</span> <span class='ocrx_word' id='word_1_28' title='bbox 969 638 1236 728; x_wconf 47' lang='lat' dir='ltr'>affirmatio&amp;</span> <span class='ocrx_word' id='word_1_29' title='bbox 1260 661 1325 711; x_wconf 84' lang='lat' dir='ltr'>seu</span> <span class='ocrx_word' id='word_1_30' title='bbox 1345 630 1485 714; x_wconf 75' lang='lat' dir='ltr'>senten·</span> 
     </span>
     <span class='ocr_line' id='line_1_5' title="bbox 139 743 1131 832; baseline -0.001 -18"><span class='ocrx_word' id='word_1_31' title='bbox 139 745 229 814; x_wconf 79' lang='lat' dir='ltr'>tiam</span> <span class='ocrx_word' id='word_1_32' title='bbox 253 765 336 812; x_wconf 71' lang='lat' dir='ltr'>esse</span> <span class='ocrx_word' id='word_1_33' title='bbox 359 743 678 832; x_wconf 71' lang='lat' dir='ltr'>confirmandam.</span> <span class='ocrx_word' id='word_1_34' title='bbox 703 745 768 814; x_wconf 89' lang='lat' dir='ltr'>Die</span> <span class='ocrx_word' id='word_1_35' title='bbox 792 748 835 814; x_wconf 79' lang='lat'>14</span> <span class='ocrx_word' id='word_1_36' title='bbox 852 747 1011 816; x_wconf 89' lang='lat' dir='ltr'>Ianuarii</span> <span class='ocrx_word' id='word_1_37' title='bbox 1033 749 1131 816; x_wconf 86' lang='grc'>1893.</span> 
     </span>
    </p>

    <p class='ocr_par' dir='ltr' id='par_1_3' title="bbox 137 841 1573 1244">
     <span class='ocr_line' id='line_1_6' title="bbox 203 841 1573 941; baseline 0.001 -19"><span class='ocrx_word' id='word_1_38' title='bbox 203 855 316 923; x_wconf 88' lang='lat' dir='ltr'>Facta</span> <span class='ocrx_word' id='word_1_39' title='bbox 342 853 589 940; x_wconf 90' lang='lat' dir='ltr'>postmodum</span> <span class='ocrx_word' id='word_1_40' title='bbox 612 853 660 921; x_wconf 92' lang='lat' dir='ltr'>de</span> <span class='ocrx_word' id='word_1_41' title='bbox 682 851 725 920; x_wconf 89' lang='lat' dir='ltr'>iis</span> <span class='ocrx_word' id='word_1_42' title='bbox 757 872 824 939; x_wconf 92' lang='lat' dir='ltr'>per</span> <span class='ocrx_word' id='word_1_43' title='bbox 848 853 1035 939; x_wconf 88' lang='lat' dir='ltr'>meipsum</span> <span class='ocrx_word' id='word_1_44' title='bbox 1060 852 1336 941; x_wconf 86' lang='lat' dir='ltr'>infrascriptum</span> <span class='ocrx_word' id='word_1_45' title='bbox 1361 856 1483 926; x_wconf 87' lang='lat' dir='ltr'>Cordi·</span> <span class='ocrx_word' id='word_1_46' title='bbox 1571 841 1573 846; x_wconf 58' lang='grc'>’</span> 
     </span>
     <span class='ocr_line' id='line_1_7' title="bbox 137 957 1483 1051; baseline 0.004 -23"><span class='ocrx_word' id='word_1_47' title='bbox 137 959 265 1029; x_wconf 88' lang='lat' dir='ltr'>nalem</span> <span class='ocrx_word' id='word_1_48' title='bbox 290 957 535 1029; x_wconf 76' lang='lat' dir='ltr'>sanctissimo</span> <span class='ocrx_word' id='word_1_49' title='bbox 560 958 719 1026; x_wconf 91' lang='lat' dir='ltr'>Domino</span> <span class='ocrx_word' id='word_1_50' title='bbox 742 961 877 1027; x_wconf 90' lang='lat' dir='ltr'>Nostro</span> <span class='ocrx_word' id='word_1_51' title='bbox 901 960 1016 1028; x_wconf 86' lang='lat' dir='ltr'>Leoni</span> <span class='ocrx_word' id='word_1_52' title='bbox 1041 961 1165 1048; x_wconf 88' lang='lat' dir='ltr'>Papae</span> <span class='ocrx_word' id='word_1_53' title='bbox 1180 962 1267 1029; x_wconf 88' lang='lat' dir='ltr'>XIII</span> <span class='ocrx_word' id='word_1_54' title='bbox 1292 963 1483 1051; x_wconf 75' lang='lat' dir='ltr'>relatione,</span> 
     </span>
     <span class='ocr_line' id='line_1_8' title="bbox 137 1063 1485 1154; baseline 0.003 -18"><span class='ocrx_word' id='word_1_55' title='bbox 137 1065 324 1136; x_wconf 80' lang='lat' dir='ltr'>Sanctitas</span> <span class='ocrx_word' id='word_1_56' title='bbox 348 1065 424 1133; x_wconf 87' lang='lat' dir='ltr'>Sua</span> <span class='ocrx_word' id='word_1_57' title='bbox 458 1063 696 1150; x_wconf 72' lang='lat' dir='ltr'>Rescriptum</span> <span class='ocrx_word' id='word_1_58' title='bbox 720 1064 857 1134; x_wconf 83' lang='lat' dir='ltr'>Sacrae</span> <span class='ocrx_word' id='word_1_59' title='bbox 881 1065 1184 1154; x_wconf 86' lang='lat' dir='ltr'>Congregationis</span> <span class='ocrx_word' id='word_1_60' title='bbox 1208 1073 1331 1137; x_wconf 91' lang='lat' dir='ltr'>ratum</span> <span class='ocrx_word' id='word_1_61' title='bbox 1356 1069 1485 1140; x_wconf 90' lang='lat' dir='ltr'>habuit</span> 
     </span>
     <span class='ocr_line' id='line_1_9' title="bbox 137 1167 1073 1244; baseline 0 -2"><span class='ocrx_word' id='word_1_62' title='bbox 137 1179 171 1242; x_wconf 90' lang='lat' dir='ltr'>et</span> <span class='ocrx_word' id='word_1_63' title='bbox 194 1171 439 1242; x_wconf 79' lang='lat' dir='ltr'>confirmavit</span> <span class='ocrx_word' id='word_1_64' title='bbox 461 1167 521 1240; x_wconf 90' lang='lat' dir='ltr'>die</span> <span class='ocrx_word' id='word_1_65' title='bbox 543 1173 566 1240; x_wconf 78' lang='lat' dir='ltr'>t</span> <span class='ocrx_word' id='word_1_66' title='bbox 589 1171 779 1242; x_wconf 87' lang='lat' dir='ltr'>Februarii</span> <span class='ocrx_word' id='word_1_67' title='bbox 803 1191 903 1242; x_wconf 91' lang='lat' dir='ltr'>anno</span> <span class='ocrx_word' id='word_1_68' title='bbox 928 1173 1073 1244; x_wconf 90' lang='lat' dir='ltr'>eodem.</span> 
     </span>
    </p>
   </div>
   <div class='ocr_carea' id='block_1_3' title="bbox 488 1365 1481 1438">
    <p class='ocr_par' dir='ltr' id='par_1_4' title="bbox 488 1365 1481 1438">
     <span class='ocr_line' id='line_1_10' title="bbox 488 1365 1481 1438; baseline 0.002 -5"><span class='ocrx_word' id='word_1_69' title='bbox 488 1365 574 1433; x_wconf 87' lang='lat' dir='ltr'>CAI.</span> <span class='ocrx_word' id='word_1_70' title='bbox 600 1366 710 1434; x_wconf 73' lang='lat' dir='ltr'>Cano.</span> <span class='ocrx_word' id='word_1_71' title='bbox 737 1366 1142 1436; x_wconf 82' lang='lat' dir='ltr'>ALOISI-MASELLA</span> <span class='ocrx_word' id='word_1_72' title='bbox 1166 1367 1202 1438; x_wconf 88' lang='lat' dir='ltr'>S.</span> <span class='ocrx_word' id='word_1_73' title='bbox 1221 1370 1264 1436; x_wconf 90' lang='lat' dir='ltr'>R.</span> <span class='ocrx_word' id='word_1_74' title='bbox 1283 1367 1318 1436; x_wconf 90' lang='lat' dir='ltr'>C.</span> <span class='ocrx_word' id='word_1_75' title='bbox 1345 1369 1481 1437; x_wconf 75' lang='lat' dir='ltr'>Panna.</span> 
     </span>
    </p>
   </div>
   <div class='ocr_carea' id='block_1_4' title="bbox 228 1473 1481 1652">
    <p class='ocr_par' dir='ltr' id='par_1_5' title="bbox 228 1473 1481 1652">
     <span class='ocr_line' id='line_1_11' title="bbox 262 1481 401 1550; baseline -0.007 -11"><span class='ocrx_word' id='word_1_76' title='bbox 262 1526 269 1539; x_wconf 93' lang='lat'>.</span> <span class='ocrx_word' id='word_1_77' title='bbox 299 1481 336 1550; x_wconf 61' lang='grc' dir='ltr'>»Β</span> <span class='ocrx_word' id='word_1_78' title='bbox 394 1525 401 1538; x_wconf 83' lang='grc'><strong>,</strong></span> 
     </span>
     <span class='ocr_line' id='line_1_12' title="bbox 228 1473 1481 1652; baseline 0.002 -9"><span class='ocrx_word' id='word_1_79' title='bbox 228 1475 258 1542; x_wconf 73' lang='lat' dir='ltr'>L</span> <span class='ocrx_word' id='word_1_80' title='bbox 364 1473 390 1541; x_wconf 73' lang='lat' dir='ltr'>S</span> <span class='ocrx_word' id='word_1_81' title='bbox 785 1581 890 1648; x_wconf 83' lang='lat' dir='ltr'>Vmc.</span> <span class='ocrx_word' id='word_1_82' title='bbox 914 1581 1024 1649; x_wconf 77' lang='lat' dir='ltr'>Nessi</span> <span class='ocrx_word' id='word_1_83' title='bbox 1051 1581 1084 1648; x_wconf 83' lang='lat' dir='ltr'>S.</span> <span class='ocrx_word' id='word_1_84' title='bbox 1107 1583 1151 1650; x_wconf 79' lang='lat' dir='ltr'>a.</span> <span class='ocrx_word' id='word_1_85' title='bbox 1173 1582 1208 1652; x_wconf 87' lang='lat' dir='ltr'>C.</span> <span class='ocrx_word' id='word_1_86' title='bbox 1236 1579 1481 1650; x_wconf 75' lang='lat' dir='ltr'>secretarius.</span> 
     </span>
    </p>
   </div>
   <div class='ocr_carea' id='block_1_5' title="bbox 434 1807 1192 1916">
    <p class='ocr_par' dir='ltr' id='par_1_6' title="bbox 434 1807 1192 1916">
     <span class='ocr_line' id='line_1_13' title="bbox 434 1807 1192 1916; baseline 0.004 -19"><span class='ocrx_word' id='word_1_87' title='bbox 434 1807 654 1916; x_wconf 66' lang='lat' dir='ltr'>synopsis</span> <span class='ocrx_word' id='word_1_88' title='bbox 677 1832 803 1899; x_wconf 84' lang='lat' dir='ltr'>vitae</span> <span class='ocrx_word' id='word_1_89' title='bbox 828 1834 954 1900; x_wconf 82' lang='lat' dir='ltr'>beati</span> <span class='ocrx_word' id='word_1_90' title='bbox 977 1831 1192 1900; x_wconf 78' lang='lat' dir='ltr'>Lanuini.</span> 
     </span>
    </p>
   </div>
   <div class='ocr_carea' id='block_1_6' title="bbox 136 2025 1489 4680">
    <p class='ocr_par' dir='ltr' id='par_1_7' title="bbox 136 2025 1489 4680">
     <span class='ocr_line' id='line_1_14' title="bbox 206 2025 1485 2115; baseline 0.005 -21"><span class='ocrx_word' id='word_1_91' title='bbox 206 2027 347 2096; x_wconf 85' lang='lat' dir='ltr'>Beatus</span> <span class='ocrx_word' id='word_1_92' title='bbox 371 2026 565 2095; x_wconf 91' lang='lat' dir='ltr'>Lanuinus</span> <span class='ocrx_word' id='word_1_93' title='bbox 588 2026 830 2094; x_wconf 88' lang='lat' dir='ltr'>Normandus</span> <span class='ocrx_word' id='word_1_94' title='bbox 853 2025 969 2096; x_wconf 89' lang='lat' dir='ltr'>sancti</span> <span class='ocrx_word' id='word_1_95' title='bbox 987 2027 1105 2096; x_wconf 90' lang='lat' dir='ltr'>Patris</span> <span class='ocrx_word' id='word_1_96' title='bbox 1129 2029 1315 2097; x_wconf 87' lang='lat' dir='ltr'>Brunonis</span> <span class='ocrx_word' id='word_1_97' title='bbox 1338 2030 1485 2115; x_wconf 90' lang='lat' dir='ltr'>primus</span> 
     </span>
     <span class='ocr_line' id='line_1_15' title="bbox 137 2131 1486 2218; baseline 0.001 -14"><span class='ocrx_word' id='word_1_98' title='bbox 137 2139 173 2204; x_wconf 89' lang='lat' dir='ltr'>et</span> <span class='ocrx_word' id='word_1_99' title='bbox 197 2133 417 2202; x_wconf 79' lang='lat' dir='ltr'>individuus</span> <span class='ocrx_word' id='word_1_100' title='bbox 441 2131 581 2218; x_wconf 91' lang='lat' dir='ltr'>socius,</span> <span class='ocrx_word' id='word_1_101' title='bbox 607 2135 718 2218; x_wconf 86' lang='lat' dir='ltr'>atque</span> <span class='ocrx_word' id='word_1_102' title='bbox 742 2131 866 2201; x_wconf 87' lang='lat' dir='ltr'>Eremi</span> <span class='ocrx_word' id='word_1_103' title='bbox 891 2136 1043 2201; x_wconf 87' lang='lat' dir='ltr'>sanctae</span> <span class='ocrx_word' id='word_1_104' title='bbox 1066 2134 1206 2202; x_wconf 91' lang='lat' dir='ltr'>Mariae</span> <span class='ocrx_word' id='word_1_105' title='bbox 1230 2134 1277 2203; x_wconf 93' lang='lat' dir='ltr'>de</span> <span class='ocrx_word' id='word_1_106' title='bbox 1300 2132 1409 2204; x_wconf 91' lang='lat' dir='ltr'>Turri</span> <span class='ocrx_word' id='word_1_107' title='bbox 1431 2155 1486 2205; x_wconf 78' lang='lat' dir='ltr'>se</span> 
     </span>
     <span class='ocr_line' id='line_1_16' title="bbox 136 2239 1484 2334; baseline 0.002 -24"><span class='ocrx_word' id='word_1_108' title='bbox 136 2241 292 2310; x_wconf 87' lang='lat' dir='ltr'>cundus</span> <span class='ocrx_word' id='word_1_109' title='bbox 315 2239 493 2328; x_wconf 85' lang='lat' dir='ltr'>Magister</span> <span class='ocrx_word' id='word_1_110' title='bbox 510 2260 531 2308; x_wconf 90' lang='lat' dir='ltr'>a</span> <span class='ocrx_word' id='word_1_111' title='bbox 547 2241 855 2334; x_wconf 89' lang='lat' dir='ltr'>Normannorum</span> <span class='ocrx_word' id='word_1_112' title='bbox 878 2244 988 2327; x_wconf 86' lang='lat' dir='ltr'>gente</span> <span class='ocrx_word' id='word_1_113' title='bbox 1012 2258 1061 2308; x_wconf 92' lang='lat' dir='ltr'>ex</span> <span class='ocrx_word' id='word_1_114' title='bbox 1085 2240 1316 2312; x_wconf 90' lang='lat' dir='ltr'>nobilissima</span> <span class='ocrx_word' id='word_1_115' title='bbox 1335 2241 1484 2331; x_wconf 84' lang='lat' dir='ltr'>familia,</span> 
     </span>
     <span class='ocr_line' id='line_1_17' title="bbox 137 2346 1483 2436; baseline 0.003 -20"><span class='ocrx_word' id='word_1_116' title='bbox 137 2367 239 2436; x_wconf 74' lang='lat' dir='ltr'>qliae</span> <span class='ocrx_word' id='word_1_117' title='bbox 262 2347 311 2418; x_wconf 88' lang='lat' dir='ltr'>ad</span> <span class='ocrx_word' id='word_1_118' title='bbox 337 2347 479 2416; x_wconf 89' lang='lat' dir='ltr'>Italiam</span> <span class='ocrx_word' id='word_1_119' title='bbox 508 2346 546 2414; x_wconf 92' lang='lat' dir='ltr'>in</span> <span class='ocrx_word' id='word_1_120' title='bbox 570 2347 752 2416; x_wconf 89' lang='lat' dir='ltr'>auxilium</span> <span class='ocrx_word' id='word_1_121' title='bbox 776 2347 985 2417; x_wconf 87' lang='lat' dir='ltr'>Catholicae</span> <span class='ocrx_word' id='word_1_122' title='bbox 1008 2348 1196 2418; x_wconf 87' lang='lat' dir='ltr'>Ecclesiae</span> <span class='ocrx_word' id='word_1_123' title='bbox 1227 2348 1483 2435; x_wconf 88' lang='lat' dir='ltr'>descenderat,</span> 
     </span>
     <span class='ocr_line' id='line_1_18' title="bbox 136 2451 1486 2542; baseline 0.004 -22"><span class='ocrx_word' id='word_1_124' title='bbox 136 2455 253 2522; x_wconf 77' lang='lat' dir='ltr'>traxit</span> <span class='ocrx_word' id='word_1_125' title='bbox 277 2453 469 2541; x_wconf 89' lang='lat' dir='ltr'>originem,</span> <span class='ocrx_word' id='word_1_126' title='bbox 494 2452 557 2540; x_wconf 86' lang='lat' dir='ltr'>qui</span> <span class='ocrx_word' id='word_1_127' title='bbox 580 2457 653 2522; x_wconf 89' lang='lat' dir='ltr'>tota</span> <span class='ocrx_word' id='word_1_128' title='bbox 677 2451 754 2521; x_wconf 87' lang='lat' dir='ltr'>fere</span> <span class='ocrx_word' id='word_1_129' title='bbox 777 2453 849 2522; x_wconf 84' lang='lat' dir='ltr'>vita</span> <span class='ocrx_word' id='word_1_130' title='bbox 873 2471 954 2540; x_wconf 88' lang='lat' dir='ltr'>sua,</span> <span class='ocrx_word' id='word_1_131' title='bbox 979 2453 1027 2522; x_wconf 90' lang='lat' dir='ltr'>ab</span> <span class='ocrx_word' id='word_1_132' title='bbox 1047 2455 1128 2542; x_wconf 90' lang='lat' dir='ltr'>ipsa</span> <span class='ocrx_word' id='word_1_133' title='bbox 1152 2452 1313 2542; x_wconf 86' lang='lat' dir='ltr'>infantia,</span> <span class='ocrx_word' id='word_1_134' title='bbox 1338 2457 1373 2523; x_wconf 96' lang='lat' dir='ltr'>in</span> <span class='ocrx_word' id='word_1_135' title='bbox 1390 2457 1486 2526; x_wconf 92' lang='lat' dir='ltr'>urbe</span> 
     </span>
     <span class='ocr_line' id='line_1_19' title="bbox 139 2559 1485 2647; baseline 0.002 -19"><span class='ocrx_word' id='word_1_136' title='bbox 139 2563 263 2630; x_wconf 87' lang='lat' dir='ltr'>Roma</span> <span class='ocrx_word' id='word_1_137' title='bbox 290 2560 451 2647; x_wconf 85' lang='lat' dir='ltr'>degerat,</span> <span class='ocrx_word' id='word_1_138' title='bbox 477 2559 681 2628; x_wconf 89' lang='lat' dir='ltr'>litterarum</span> <span class='ocrx_word' id='word_1_139' title='bbox 703 2561 884 2642; x_wconf 88' lang='lat' dir='ltr'>omnium,</span> <span class='ocrx_word' id='word_1_140' title='bbox 910 2565 946 2629; x_wconf 92' lang='lat' dir='ltr'>et</span> <span class='ocrx_word' id='word_1_141' title='bbox 968 2579 1119 2630; x_wconf 93' lang='lat' dir='ltr'>morum</span> <span class='ocrx_word' id='word_1_142' title='bbox 1137 2579 1277 2630; x_wconf 88' lang='lat' dir='ltr'>vacans</span> <span class='ocrx_word' id='word_1_143' title='bbox 1293 2563 1425 2631; x_wconf 87' lang='lat' dir='ltr'>studiis</span> <span class='ocrx_word' id='word_1_144' title='bbox 1440 2582 1485 2632; x_wconf 89' lang='lat' dir='ltr'>ac</span> 
     </span>
     <span class='ocr_line' id='line_1_20' title="bbox 136 2669 1483 2756; baseline 0.001 -20"><span class='ocrx_word' id='word_1_145' title='bbox 136 2669 354 2756; x_wconf 81' lang='lat' dir='ltr'>‹lisciplinis,</span> <span class='ocrx_word' id='word_1_146' title='bbox 380 2671 415 2736; x_wconf 92' lang='lat' dir='ltr'>et</span> <span class='ocrx_word' id='word_1_147' title='bbox 437 2671 579 2736; x_wconf 88' lang='lat' dir='ltr'>tantum</span> <span class='ocrx_word' id='word_1_148' title='bbox 604 2669 642 2736; x_wconf 93' lang='lat' dir='ltr'>in</span> <span class='ocrx_word' id='word_1_149' title='bbox 666 2669 735 2736; x_wconf 92' lang='lat' dir='ltr'>illis</span> <span class='ocrx_word' id='word_1_150' title='bbox 759 2687 1004 2756; x_wconf 87' lang='lat' dir='ltr'>progressum</span> <span class='ocrx_word' id='word_1_151' title='bbox 1026 2669 1163 2753; x_wconf 89' lang='lat' dir='ltr'>habuit,</span> <span class='ocrx_word' id='word_1_152' title='bbox 1188 2672 1228 2737; x_wconf 93' lang='lat' dir='ltr'>ut</span> <span class='ocrx_word' id='word_1_153' title='bbox 1251 2670 1483 2739; x_wconf 90' lang='lat' dir='ltr'>excellentio-</span> 
     </span>
     <span class='ocr_line' id='line_1_21' title="bbox 139 2775 1484 2864; baseline 0.001 -19"><span class='ocrx_word' id='word_1_154' title='bbox 139 2779 246 2846; x_wconf 84' lang='lat' dir='ltr'>ribus</span> <span class='ocrx_word' id='word_1_155' title='bbox 271 2775 306 2843; x_wconf 93' lang='lat' dir='ltr'>in</span> <span class='ocrx_word' id='word_1_156' title='bbox 323 2795 368 2845; x_wconf 91' lang='lat' dir='ltr'>eo</span> <span class='ocrx_word' id='word_1_157' title='bbox 385 2793 522 2864; x_wconf 89' lang='lat' dir='ltr'>genere</span> <span class='ocrx_word' id='word_1_158' title='bbox 538 2779 820 2861; x_wconf 85' lang='lat' dir='ltr'>compararetur</span> <span class='ocrx_word' id='word_1_159' title='bbox 830 2795 838 2860; x_wconf 93' lang='grc'><strong>;</strong></span> <span class='ocrx_word' id='word_1_160' title='bbox 863 2775 1038 2863; x_wconf 84' lang='lat' dir='ltr'>sedisque</span> <span class='ocrx_word' id='word_1_161' title='bbox 1055 2775 1279 2862; x_wconf 88' lang='lat' dir='ltr'>apostolicae</span> <span class='ocrx_word' id='word_1_162' title='bbox 1295 2778 1484 2864; x_wconf 88' lang='lat' dir='ltr'>Praelatis,</span> 
     </span>
     <span class='ocr_line' id='line_1_22' title="bbox 139 2881 1484 2970; baseline -0.001 -16"><span class='ocrx_word' id='word_1_163' title='bbox 139 2892 175 2954; x_wconf 90' lang='lat' dir='ltr'>et</span> <span class='ocrx_word' id='word_1_164' title='bbox 201 2883 315 2951; x_wconf 83' lang='lat' dir='ltr'>Urbis</span> <span class='ocrx_word' id='word_1_165' title='bbox 339 2881 578 2970; x_wconf 87' lang='lat' dir='ltr'>magnatibus</span> <span class='ocrx_word' id='word_1_166' title='bbox 605 2886 735 2970; x_wconf 90' lang='lat' dir='ltr'>gratus</span> <span class='ocrx_word' id='word_1_167' title='bbox 759 2886 795 2952; x_wconf 90' lang='lat' dir='ltr'>et</span> <span class='ocrx_word' id='word_1_168' title='bbox 809 2881 965 2952; x_wconf 82' lang='lat' dir='ltr'>dllectus</span> <span class='ocrx_word' id='word_1_169' title='bbox 989 2883 1157 2969; x_wconf 88' lang='lat' dir='ltr'>apprime</span> <span class='ocrx_word' id='word_1_170' title='bbox 1174 2883 1297 2968; x_wconf 92' lang='lat' dir='ltr'>extitit,</span> <span class='ocrx_word' id='word_1_171' title='bbox 1323 2885 1424 2953; x_wconf 93' lang='lat' dir='ltr'>unde</span> <span class='ocrx_word' id='word_1_172' title='bbox 1447 2885 1484 2952; x_wconf 94' lang='lat' dir='ltr'>in</span> 
     </span>
     <span class='ocr_line' id='line_1_23' title="bbox 139 2989 1487 3077; baseline -0.001 -18"><span class='ocrx_word' id='word_1_173' title='bbox 139 2989 260 3060; x_wconf 76' lang='lat' dir='ltr'>suncti</span> <span class='ocrx_word' id='word_1_174' title='bbox 285 2989 471 3057; x_wconf 87' lang='lat' dir='ltr'>Brunonis</span> <span class='ocrx_word' id='word_1_175' title='bbox 496 2989 615 3058; x_wconf 87' lang='lat' dir='ltr'>Patris</span> <span class='ocrx_word' id='word_1_176' title='bbox 638 2990 755 3058; x_wconf 91' lang='lat' dir='ltr'>nostri</span> <span class='ocrx_word' id='word_1_177' title='bbox 779 2989 900 3076; x_wconf 90' lang='lat' dir='ltr'>primo</span> <span class='ocrx_word' id='word_1_178' title='bbox 924 2989 1098 3077; x_wconf 90' lang='lat' dir='ltr'>ingressu</span> <span class='ocrx_word' id='word_1_179' title='bbox 1122 2991 1170 3059; x_wconf 90' lang='lat' dir='ltr'>ad</span> <span class='ocrx_word' id='word_1_180' title='bbox 1195 2991 1344 3060; x_wconf 85' lang='lat' dir='ltr'>Curiam</span> <span class='ocrx_word' id='word_1_181' title='bbox 1369 2991 1487 3060; x_wconf 92' lang='lat' dir='ltr'>Ponti-</span> 
     </span>
     <span class='ocr_line' id='line_1_24' title="bbox 137 3094 1485 3183; baseline 0 -19"><span class='ocrx_word' id='word_1_182' title='bbox 137 3095 267 3165; x_wconf 83' lang='lat' dir='ltr'>iiciam</span> <span class='ocrx_word' id='word_1_183' title='bbox 291 3095 360 3182; x_wconf 91' lang='lat' dir='ltr'>ipsi</span> <span class='ocrx_word' id='word_1_184' title='bbox 384 3094 561 3179; x_wconf 86' lang='lat' dir='ltr'>adhaesit,</span> <span class='ocrx_word' id='word_1_185' title='bbox 586 3094 635 3164; x_wconf 88' lang='lat' dir='ltr'>ab</span> <span class='ocrx_word' id='word_1_186' title='bbox 659 3113 780 3182; x_wconf 85' lang='lat' dir='ltr'>eoque</span> <span class='ocrx_word' id='word_1_187' title='bbox 803 3094 839 3161; x_wconf 93' lang='lat' dir='ltr'>in</span> <span class='ocrx_word' id='word_1_188' title='bbox 856 3095 1032 3164; x_wconf 90' lang='lat' dir='ltr'>omnibus</span> <span class='ocrx_word' id='word_1_189' title='bbox 1048 3095 1153 3180; x_wconf 87' lang='lat' dir='ltr'>stetit,</span> <span class='ocrx_word' id='word_1_190' title='bbox 1178 3114 1343 3183; x_wconf 85' lang='lat' dir='ltr'>cumque</span> <span class='ocrx_word' id='word_1_191' title='bbox 1367 3099 1485 3165; x_wconf 89' lang='lat' dir='ltr'>tractu</span> 
     </span>
     <span class='ocr_line' id='line_1_25' title="bbox 138 3201 1485 3290; baseline -0.001 -18"><span class='ocrx_word' id='word_1_192' title='bbox 138 3203 322 3290; x_wconf 87' lang='lat' dir='ltr'>temporis</span> <span class='ocrx_word' id='word_1_193' title='bbox 346 3202 426 3270; x_wconf 91' lang='lat' dir='ltr'>eius</span> <span class='ocrx_word' id='word_1_194' title='bbox 449 3201 649 3290; x_wconf 90' lang='lat' dir='ltr'>singularis</span> <span class='ocrx_word' id='word_1_195' title='bbox 673 3202 849 3288; x_wconf 89' lang='lat' dir='ltr'>doctrina,</span> <span class='ocrx_word' id='word_1_196' title='bbox 874 3201 1053 3290; x_wconf 87' lang='lat' dir='ltr'>sapientia</span> <span class='ocrx_word' id='word_1_197' title='bbox 1079 3207 1113 3270; x_wconf 90' lang='lat' dir='ltr'>et</span> <span class='ocrx_word' id='word_1_198' title='bbox 1137 3220 1288 3270; x_wconf 92' lang='lat' dir='ltr'>morum</span> <span class='ocrx_word' id='word_1_199' title='bbox 1305 3203 1485 3271; x_wconf 86' lang='lat' dir='ltr'>honestas</span> 
     </span>
     <span class='ocr_line' id='line_1_26' title="bbox 138 3308 1484 3398; baseline 0 -18"><span class='ocrx_word' id='word_1_200' title='bbox 138 3311 414 3398; x_wconf 82' lang='lat' dir='ltr'>experirentur,</span> <span class='ocrx_word' id='word_1_201' title='bbox 438 3308 689 3397; x_wconf 80' lang='lat' dir='ltr'>conglutinata</span> <span class='ocrx_word' id='word_1_202' title='bbox 705 3313 762 3378; x_wconf 89' lang='lat' dir='ltr'>est</span> <span class='ocrx_word' id='word_1_203' title='bbox 777 3309 901 3378; x_wconf 89' lang='lat' dir='ltr'>anima</span> <span class='ocrx_word' id='word_1_204' title='bbox 920 3309 1000 3378; x_wconf 86' lang='lat' dir='ltr'>eius</span> <span class='ocrx_word' id='word_1_205' title='bbox 1017 3310 1135 3378; x_wconf 88' lang='lat' dir='ltr'>amori</span> <span class='ocrx_word' id='word_1_206' title='bbox 1153 3309 1259 3392; x_wconf 89' lang='lat' dir='ltr'>illius,</span> <span class='ocrx_word' id='word_1_207' title='bbox 1280 3315 1315 3378; x_wconf 91' lang='lat' dir='ltr'>et</span> <span class='ocrx_word' id='word_1_208' title='bbox 1331 3329 1484 3380; x_wconf 90' lang='lat' dir='ltr'>summa</span> 
     </span>
     <span class='ocr_line' id='line_1_27' title="bbox 138 3417 1488 3504; baseline 0 -17"><span class='ocrx_word' id='word_1_209' title='bbox 138 3417 387 3488; x_wconf 84' lang='lat' dir='ltr'>samtiiaritate</span> <span class='ocrx_word' id='word_1_210' title='bbox 410 3418 632 3486; x_wconf 89' lang='lat' dir='ltr'>coniunctus</span> <span class='ocrx_word' id='word_1_211' title='bbox 656 3417 691 3484; x_wconf 92' lang='lat' dir='ltr'>in</span> <span class='ocrx_word' id='word_1_212' title='bbox 717 3417 992 3486; x_wconf 79' lang='lat' dir='ltr'>necessItudine</span> <span class='ocrx_word' id='word_1_213' title='bbox 1016 3434 1103 3485; x_wconf 92' lang='lat' dir='ltr'>eum</span> <span class='ocrx_word' id='word_1_214' title='bbox 1129 3417 1275 3504; x_wconf 90' lang='lat' dir='ltr'>recepit,</span> <span class='ocrx_word' id='word_1_215' title='bbox 1299 3436 1344 3486; x_wconf 90' lang='lat' dir='ltr'>ac</span> <span class='ocrx_word' id='word_1_216' title='bbox 1363 3417 1411 3486; x_wconf 90' lang='lat' dir='ltr'>de</span> <span class='ocrx_word' id='word_1_217' title='bbox 1426 3438 1488 3488; x_wconf 93' lang='lat' dir='ltr'>ne-</span> 
     </span>
     <span class='ocr_line' id='line_1_28' title="bbox 139 3522 1485 3616; baseline 0 -22"><span class='ocrx_word' id='word_1_218' title='bbox 139 3526 249 3616; x_wconf 83' lang='lat' dir='ltr'>gotiis</span> <span class='ocrx_word' id='word_1_219' title='bbox 265 3522 463 3610; x_wconf 84' lang='lat' dir='ltr'>Pontificis,</span> <span class='ocrx_word' id='word_1_220' title='bbox 489 3527 525 3593; x_wconf 87' lang='lat' dir='ltr'>et</span> <span class='ocrx_word' id='word_1_221' title='bbox 546 3523 583 3591; x_wconf 83' lang='lat' dir='ltr'>ln</span> <span class='ocrx_word' id='word_1_222' title='bbox 608 3525 800 3594; x_wconf 91' lang='lat' dir='ltr'>laboribus</span> <span class='ocrx_word' id='word_1_223' title='bbox 816 3543 885 3612; x_wconf 90' lang='lat' dir='ltr'>pro</span> <span class='ocrx_word' id='word_1_224' title='bbox 902 3524 1088 3593; x_wconf 88' lang='lat' dir='ltr'>Catholica</span> <span class='ocrx_word' id='word_1_225' title='bbox 1105 3523 1269 3593; x_wconf 88' lang='lat' dir='ltr'>Ecclesia</span> <span class='ocrx_word' id='word_1_226' title='bbox 1290 3526 1485 3612; x_wconf 70' lang='lat' dir='ltr'>susceptis</span> 
     </span>
     <span class='ocr_line' id='line_1_29' title="bbox 138 3629 1488 3718; baseline 0 -17"><span class='ocrx_word' id='word_1_227' title='bbox 138 3635 359 3718; x_wconf 82' lang='lat' dir='ltr'>compotem</span> <span class='ocrx_word' id='word_1_228' title='bbox 382 3634 418 3700; x_wconf 90' lang='lat' dir='ltr'>et</span> <span class='ocrx_word' id='word_1_229' title='bbox 440 3632 585 3700; x_wconf 89' lang='lat' dir='ltr'>socium</span> <span class='ocrx_word' id='word_1_230' title='bbox 610 3629 783 3716; x_wconf 83' lang='lat' dir='ltr'>faciebat;</span> <span class='ocrx_word' id='word_1_231' title='bbox 818 3635 1050 3718; x_wconf 79' lang='lat' dir='ltr'>quapropter</span> <span class='ocrx_word' id='word_1_232' title='bbox 1077 3631 1178 3716; x_wconf 86' lang='lat' dir='ltr'>apud</span> <span class='ocrx_word' id='word_1_233' title='bbox 1202 3631 1401 3700; x_wconf 87' lang='lat' dir='ltr'>Urbanum</span> <span class='ocrx_word' id='word_1_234' title='bbox 1425 3631 1488 3701; x_wconf 87' lang='lat' dir='ltr'>Se·</span> 
     </span>
     <span class='ocr_line' id='line_1_30' title="bbox 138 3709 1485 3825; baseline 0.001 -19"><span class='ocrx_word' id='word_1_235' title='bbox 138 3709 311 3808; x_wconf 70' lang='lat' dir='ltr'>c⁸undurn</span> <span class='ocrx_word' id='word_1_236' title='bbox 337 3741 373 3806; x_wconf 89' lang='lat' dir='ltr'>et</span> <span class='ocrx_word' id='word_1_237' title='bbox 395 3737 616 3808; x_wconf 77' lang='lat' dir='ltr'>paschalem</span> <span class='ocrx_word' id='word_1_238' title='bbox 641 3737 754 3806; x_wconf 88' lang='lat' dir='ltr'>buius</span> <span class='ocrx_word' id='word_1_239' title='bbox 777 3737 901 3807; x_wconf 90' lang='lat' dir='ltr'>itidem</span> <span class='ocrx_word' id='word_1_240' title='bbox 919 3738 1082 3806; x_wconf 91' lang='lat' dir='ltr'>nominis</span> <span class='ocrx_word' id='word_1_241' title='bbox 1098 3738 1320 3822; x_wconf 88' lang='lat' dir='ltr'>secundum,</span> <span class='ocrx_word' id='word_1_242' title='bbox 1347 3757 1485 3825; x_wconf 89' lang='lat' dir='ltr'>magna</span> 
     </span>
     <span class='ocr_line' id='line_1_31' title="bbox 138 3843 1485 3934; baseline -0.002 -20"><span class='ocrx_word' id='word_1_243' title='bbox 138 3847 175 3914; x_wconf 93' lang='lat' dir='ltr'>in</span> <span class='ocrx_word' id='word_1_244' title='bbox 201 3844 476 3914; x_wconf 89' lang='lat' dir='ltr'>existimatione</span> <span class='ocrx_word' id='word_1_245' title='bbox 504 3843 663 3934; x_wconf 88' lang='lat' dir='ltr'>habitus,</span> <span class='ocrx_word' id='word_1_246' title='bbox 688 3845 869 3934; x_wconf 81' lang='lat' dir='ltr'>gravibus</span> <span class='ocrx_word' id='word_1_247' title='bbox 897 3849 1075 3914; x_wconf 87' lang='lat' dir='ltr'>oneratus</span> <span class='ocrx_word' id='word_1_248' title='bbox 1100 3849 1157 3914; x_wconf 89' lang='lat' dir='ltr'>est</span> <span class='ocrx_word' id='word_1_249' title='bbox 1179 3845 1290 3914; x_wconf 84' lang='lat' dir='ltr'>curIs</span> <span class='ocrx_word' id='word_1_250' title='bbox 1325 3844 1426 3913; x_wconf 88' lang='lat' dir='ltr'>Sedit</span> <span class='ocrx_word' id='word_1_251' title='bbox 1449 3845 1485 3912; x_wconf 93' lang='lat' dir='ltr'>in</span> 
     </span>
     <span class='ocr_line' id='line_1_32' title="bbox 140 3951 1487 4038; baseline -0.001 -18"><span class='ocrx_word' id='word_1_252' title='bbox 140 3951 324 4036; x_wconf 84' lang='lat' dir='ltr'>Conciliis,</span> <span class='ocrx_word' id='word_1_253' title='bbox 349 3969 481 4019; x_wconf 90' lang='lat' dir='ltr'>eorum</span> <span class='ocrx_word' id='word_1_254' title='bbox 498 3952 732 4038; x_wconf 89' lang='lat' dir='ltr'>temporibus</span> <span class='ocrx_word' id='word_1_255' title='bbox 757 3951 890 4020; x_wconf 90' lang='lat' dir='ltr'>habitis</span> <span class='ocrx_word' id='word_1_256' title='bbox 913 3954 1068 4038; x_wconf 88' lang='lat' dir='ltr'>Romae,</span> <span class='ocrx_word' id='word_1_257' title='bbox 1086 3951 1302 4038; x_wconf 88' lang='lat' dir='ltr'>Florentiae,</span> <span class='ocrx_word' id='word_1_258' title='bbox 1320 3951 1487 4020; x_wconf 88' lang='lat' dir='ltr'>Guastal-</span> 
     </span>
     <span class='ocr_line' id='line_1_33' title="bbox 139 4055 1488 4146; baseline -0.004 -18"><span class='ocrx_word' id='word_1_259' title='bbox 139 4057 199 4128; x_wconf 88' lang='lat' dir='ltr'>lae</span> <span class='ocrx_word' id='word_1_260' title='bbox 223 4063 261 4128; x_wconf 92' lang='lat' dir='ltr'>et</span> <span class='ocrx_word' id='word_1_261' title='bbox 284 4059 503 4128; x_wconf 88' lang='lat' dir='ltr'>Beneventi:</span> <span class='ocrx_word' id='word_1_262' title='bbox 526 4059 769 4146; x_wconf 86' lang='lat' dir='ltr'>postmodnm</span> <span class='ocrx_word' id='word_1_263' title='bbox 795 4076 886 4125; x_wconf 86' lang='lat' dir='ltr'>vero</span> <span class='ocrx_word' id='word_1_264' title='bbox 911 4055 1033 4127; x_wconf 87' lang='lat' dir='ltr'>Sancti</span> <span class='ocrx_word' id='word_1_265' title='bbox 1058 4057 1176 4128; x_wconf 88' lang='lat' dir='ltr'>Patris</span> <span class='ocrx_word' id='word_1_266' title='bbox 1200 4056 1407 4126; x_wconf 70' lang='lat' dir='ltr'>fidissimis</span> <span class='ocrx_word' id='word_1_267' title='bbox 1431 4077 1488 4126; x_wconf 89' lang='lat' dir='ltr'>so·</span> 
     </span>
     <span class='ocr_line' id='line_1_34' title="bbox 139 4163 1486 4252; baseline -0.001 -17"><span class='ocrx_word' id='word_1_268' title='bbox 139 4167 239 4247; x_wconf 89' lang='lat' dir='ltr'>cius,</span> <span class='ocrx_word' id='word_1_269' title='bbox 276 4165 468 4234; x_wconf 88' lang='lat' dir='ltr'>descendit</span> <span class='ocrx_word' id='word_1_270' title='bbox 496 4165 533 4232; x_wconf 92' lang='lat' dir='ltr'>in</span> <span class='ocrx_word' id='word_1_271' title='bbox 562 4164 789 4252; x_wconf 90' lang='lat' dir='ltr'>Calabriam,</span> <span class='ocrx_word' id='word_1_272' title='bbox 823 4170 858 4233; x_wconf 91' lang='lat' dir='ltr'>et</span> <span class='ocrx_word' id='word_1_273' title='bbox 886 4165 1160 4234; x_wconf 88' lang='lat' dir='ltr'>Calubritanam</span> <span class='ocrx_word' id='word_1_274' title='bbox 1190 4163 1249 4232; x_wconf 93' lang='lat' dir='ltr'>illo</span> <span class='ocrx_word' id='word_1_275' title='bbox 1281 4163 1486 4234; x_wconf 88' lang='lat' dir='ltr'>stabiliente</span> 
     </span>
     <span class='ocr_line' id='line_1_35' title="bbox 138 4270 1489 4360; baseline -0.001 -20"><span class='ocrx_word' id='word_1_276' title='bbox 138 4271 332 4358; x_wconf 78' lang='lat' dir='ltr'>familiam,</span> <span class='ocrx_word' id='word_1_277' title='bbox 358 4271 546 4360; x_wconf 86' lang='lat' dir='ltr'>egregiam</span> <span class='ocrx_word' id='word_1_278' title='bbox 571 4273 723 4341; x_wconf 85' lang='lat' dir='ltr'>navavit</span> <span class='ocrx_word' id='word_1_279' title='bbox 746 4290 918 4359; x_wconf 89' lang='lat' dir='ltr'>operam:</span> <span class='ocrx_word' id='word_1_280' title='bbox 943 4291 1031 4340; x_wconf 91' lang='lat' dir='ltr'>nam</span> <span class='ocrx_word' id='word_1_281' title='bbox 1056 4273 1109 4340; x_wconf 92' lang='lat' dir='ltr'>rei</span> <span class='ocrx_word' id='word_1_282' title='bbox 1125 4270 1316 4340; x_wconf 86' lang='lat' dir='ltr'>familiaris</span> <span class='ocrx_word' id='word_1_283' title='bbox 1336 4270 1489 4339; x_wconf 90' lang='lat' dir='ltr'>admini-</span> 
     </span>
     <span class='ocr_line' id='line_1_36' title="bbox 140 4376 1488 4466; baseline -0.003 -18"><span class='ocrx_word' id='word_1_284' title='bbox 140 4379 321 4448; x_wconf 88' lang='lat' dir='ltr'>strandae</span> <span class='ocrx_word' id='word_1_285' title='bbox 348 4378 540 4448; x_wconf 90' lang='lat' dir='ltr'>scientiam</span> <span class='ocrx_word' id='word_1_286' title='bbox 573 4377 729 4447; x_wconf 87' lang='lat' dir='ltr'>mirabili</span> <span class='ocrx_word' id='word_1_287' title='bbox 753 4379 867 4447; x_wconf 91' lang='lat' dir='ltr'>modo</span> <span class='ocrx_word' id='word_1_288' title='bbox 891 4379 1122 4466; x_wconf 90' lang='lat' dir='ltr'>possidebat,</span> <span class='ocrx_word' id='word_1_289' title='bbox 1155 4377 1256 4446; x_wconf 88' lang='lat' dir='ltr'>ande</span> <span class='ocrx_word' id='word_1_290' title='bbox 1287 4376 1488 4464; x_wconf 84' lang='lat' dir='ltr'>singularis</span> 
     </span>
     <span class='ocr_line' id='line_1_37' title="bbox 140 4483 1486 4574; baseline -0.006 -16"><span class='ocrx_word' id='word_1_291' title='bbox 140 4485 412 4558; x_wconf 86' lang='lat' dir='ltr'>oeconomicus</span> <span class='ocrx_word' id='word_1_292' title='bbox 442 4485 489 4555; x_wconf 87' lang='lat' dir='ltr'>ad</span> <span class='ocrx_word' id='word_1_293' title='bbox 518 4486 724 4574; x_wconf 89' lang='lat' dir='ltr'>regendam</span> <span class='ocrx_word' id='word_1_294' title='bbox 752 4486 960 4554; x_wconf 89' lang='lat' dir='ltr'>Cartusiam</span> <span class='ocrx_word' id='word_1_295' title='bbox 992 4505 1145 4572; x_wconf 88' lang='lat' dir='ltr'>semper</span> <span class='ocrx_word' id='word_1_296' title='bbox 1174 4485 1304 4563; x_wconf 86' lang='lat' dir='ltr'>extitit,</span> <span class='ocrx_word' id='word_1_297' title='bbox 1337 4489 1372 4553; x_wconf 89' lang='lat' dir='ltr'>et</span> <span class='ocrx_word' id='word_1_298' title='bbox 1398 4483 1486 4570; x_wconf 85' lang='lat' dir='ltr'>quia</span> 
     </span>
     <span class='ocr_line' id='line_1_38' title="bbox 138 4591 1489 4680; baseline -0.002 -20"><span class='ocrx_word' id='word_1_299' title='bbox 138 4593 298 4680; x_wconf 91' lang='lat' dir='ltr'>insuper</span> <span class='ocrx_word' id='word_1_300' title='bbox 321 4591 523 4679; x_wconf 86' lang='lat' dir='ltr'>perspicax</span> <span class='ocrx_word' id='word_1_301' title='bbox 547 4597 634 4680; x_wconf 91' lang='lat' dir='ltr'>erat,</span> <span class='ocrx_word' id='word_1_302' title='bbox 659 4597 760 4662; x_wconf 91' lang='lat' dir='ltr'>recta</span> <span class='ocrx_word' id='word_1_303' title='bbox 785 4593 926 4662; x_wconf 91' lang='lat' dir='ltr'>ratione</span> <span class='ocrx_word' id='word_1_304' title='bbox 950 4593 1138 4680; x_wconf 88' lang='lat' dir='ltr'>agibilium</span> <span class='ocrx_word' id='word_1_305' title='bbox 1163 4593 1259 4662; x_wconf 87' lang='lat' dir='ltr'>circa</span> <span class='ocrx_word' id='word_1_306' title='bbox 1277 4592 1386 4676; x_wconf 89' lang='lat' dir='ltr'>bona,</span> <span class='ocrx_word' id='word_1_307' title='bbox 1411 4609 1489 4658; x_wconf 88' lang='lat' dir='ltr'>ma-</span> 
     </span>
    </p>
   </div>
   <div class='ocr_carea' id='block_1_7' title="bbox 237 4730 1377 4796">
    <p class='ocr_par' dir='ltr' id='par_1_8' title="bbox 237 4730 1377 4796">
     <span class='ocr_line' id='line_1_39' title="bbox 237 4730 1377 4796; baseline 0.001 -15"><span class='ocrx_word' id='word_1_308' title='bbox 237 4733 323 4792; x_wconf 78' lang='lat' dir='ltr'>Acta,</span> <span class='ocrx_word' id='word_1_309' title='bbox 345 4731 419 4781; x_wconf 85' lang='lat' dir='ltr'>Tom.</span> <span class='ocrx_word' id='word_1_310' title='bbox 442 4730 549 4782; x_wconf 75' lang='lat' dir='ltr'>XXVI.</span> <span class='ocrx_word' id='word_1_311' title='bbox 563 4730 641 4796; x_wconf 72' lang='lat' dir='ltr'>saec.</span> <span class='ocrx_word' id='word_1_312' title='bbox 666 4731 766 4782; x_wconf 78' lang='lat' dir='ltr'>cccl.</span> <span class='ocrx_word' id='word_1_313' title='bbox 1362 4733 1377 4777; x_wconf 79' lang='grc'>3</span> 
     </span>
    </p>
   </div>
   <div class='ocr_carea' id='block_1_8' title="bbox 0 0 1842 5262">
    <p class='ocr_par' dir='ltr' id='par_1_9' title="bbox 0 0 1842 5262">
     <span class='ocr_line' id='line_1_40' title="bbox 0 0 1842 5262; baseline 0 0"><span class='ocrx_word' id='word_1_314' title='bbox 0 0 1842 5262; x_wconf 95' lang='lat' dir='ltr'> </span> 
     </span>
    </p>
   </div>
  </div>
 </body>
</html>
