3674 5262
722 201 909 248 scarusmu.
1450 181 1487 246 ll

148 305 259 381 etiam
287 304 500 397 coucubui,
545 301 609 379 sed
647 302 794 403 quoties
822 301 928 378 volui
964 300 1174 376 membrum
1211 323 1338 376 meum
1376 299 1489 376 virile

143 424 260 526 ipsius
290 424 522 528 genitalibus
550 422 717 515 inferre,
750 446 846 498 uxor
873 446 956 497 mea
985 445 1045 496 me
1073 441 1221 522 semper
1252 419 1486 495 detrusit...

144 544 184 618 lu
217 553 474 620 conscientiae
502 571 589 619 uoce.
617 544 699 617 (b'co
730 541 915 644 genitalia
943 567 1028 616 mea
1055 561 1249 640 nunquam
1269 545 1488 642 penetrasse

143 665 337 742 naturalia
376 665 507 742 uxoris
545 689 649 740 meae
668 693 704 737 ›.
739 663 959 740 «Inhaereo
995 665 1034 736 et
1068 685 1192 752 nunc,
1233 686 1292 737 me
1320 660 1488 737 debitum

140 785 341 889 coniugale
369 811 455 864 cum
486 809 605 862 uxore
632 809 709 862 non
737 784 944 886 peregisse,
975 806 1052 859 non
1081 805 1418 859 consummasse».

220 907 366 983 Mulier
393 905 468 983 etsi
497 905 650 996 horrore
677 905 846 980 maximo
876 904 1059 1006 pingatur
1078 907 1190 1006 capta
1217 901 1400 986 adversus
1429 907 1489 980 at-

142 1031 337 1104 tentatum
366 1025 491 1128 ipsum
519 1025 882 1117 consummationis,
917 1028 1064 1100 «tanto
1092 1023 1379 1100 consummandi
1407 1048 1490 1100 ma-

142 1146 315 1222 trimonii
344 1146 514 1238 horrore,
545 1146 602 1221 ait
621 1147 701 1248 ipse
730 1145 906 1222 Antistes
926 1145 1163 1247 Scepusien.,
1195 1143 1365 1245 repletur
1393 1167 1490 1219 uxor

141 1264 265 1341 ,llaria
293 1290 381 1341 cum
410 1265 494 1340 viro
523 1289 591 1342 suo
611 1265 835 1366 legitime...
867 1268 925 1356 ut,
957 1264 1027 1341 hoc
1047 1269 1254 1355 asserente,
1287 1263 1489 1340 suicidium

139 1385 356 1462 minaretur
383 1386 416 1460 si
445 1385 511 1462 ille
529 1411 612 1462 eam
641 1386 689 1462 ad
708 1386 937 1462 reddendum
957 1386 1125 1462 debitum
1144 1384 1383 1486 coniugalem
1404 1408 1491 1486 pro-

140 1531 278 1582 vocare
307 1506 466 1582 auderet
486 1531 524 1601 »3
557 1489 808 1583 nihilominus
840 1506 924 1608 ipsa
951 1510 1010 1581 est
1038 1532 1133 1608 quae
1161 1507 1206 1581 de
1235 1505 1305 1582 hoc
1332 1503 1491 1582 indicia-

140 1626 231 1703 liter
261 1627 502 1728 interrogata
530 1628 663 1729 primo
681 1625 827 1730 profert
847 1635 1199 1704 corisummub'onts
1216 1627 1388 1702 verbum.
1413 1624 1491 1701 Ve-

139 1771 225 1822 rum
255 1746 425 1824 ostendit
453 1753 598 1849 postea,
631 1746 677 1824 ad
705 1746 1001 1849 explicationem
1030 1748 1083 1823 rei
1105 1750 1324 1850 provocata,
1356 1771 1395 1822 se
1424 1772 1491 1822 ne-
1582 1745 1594 1751 ’

139 1869 238 1944 scire
267 1868 358 1969 quid
396 1873 489 1944 tunc
518 1868 759 1970 loqueretur,
799 1874 838 1942 et
867 1866 914 1942 ad
943 1893 1078 1946 verum
1111 1874 1300 1944 assertum
1339 1868 1384 1943 de
1412 1891 1489 1943 non

138 1986 470 2063 consummatione
497 1988 612 2064 verba
640 1987 760 2090 ipsius
789 1986 1037 2062 reducuntur.

220 2105 451 2184 Ordinarius
489 2105 749 2211 Scepusiensis
785 2108 1018 2210 obstupescit
1055 2133 1141 2182 cum
1178 2109 1330 2210 cogitur
1366 2107 1490 2185 dicere

140 2235 226 2330 post
257 2227 504 2330 physicorum
542 2227 752 2331 peritorum
782 2227 963 2303 indicium
1000 2228 1287 2304 matrimonium
1326 2229 1367 2304 in
1400 2253 1489 2305 casu

142 2347 244 2424 baud
274 2353 378 2424 certe
406 2347 753 2424 inconsummatum
792 2372 867 2423 non
896 2347 1033 2424 videri.
1079 2348 1201 2448 «Ego
1239 2348 1387 2448 quidem
1416 2349 1489 2425 hu-

142 2455 314 2544 millimo
348 2493 430 2544 meo
466 2468 510 2543 de
538 2467 592 2546 20
620 2469 709 2550 Iulii
738 2495 802 2545 an.
839 2467 1010 2544 lasa...
1042 2491 1197 2544 recursu
1235 2493 1343 2569 quem
1374 2469 1490 2546 SSmo

138 2587 254 2662 Patri
283 2587 435 2662 nornine
465 2588 593 2665 Oaroli
622 2589 747 2664 Ferko
765 2589 1009 2664 devotissime
1037 2589 1492 2666 substerneresustinue·
1568 2577 1571 2584 ¹

138 2733 240 2798 ram,
272 2709 410 2783 riardus
439 2709 615 2810 precabar
644 2707 802 2786 SSrirum
834 2709 1038 2786 Dominum
1067 2708 1113 2782 nd
1142 2709 1308 2810 gratiam
1337 2709 1491 2811 dispen-

139 2829 306 2906 sationis
334 2831 374 2904 in
403 2828 660 2922 matrimonio,
693 2842 737 2904 nt
765 2831 977 2912 dicebatur,
1009 2833 1093 2906 rato
1122 2830 1284 2906 sednon
1313 2855 1490 2907 consum-

138 2943 247 3024 mato
274 2948 547 3048 benignissime
574 2949 865 3026 concedendam.
899 2949 997 3038 Quia
1026 2954 1154 3055 tamen
1192 2975 1239 3026 ex
1269 2951 1365 3026 actis
1403 2976 1491 3054 pro-

137 3095 270 3146 cessus
299 3069 489 3163 canonici,
516 3075 630 3174 prout
647 3096 691 3147 ea
711 3070 916 3171 diligenter
944 3070 1094 3172 inspexi
1115 3097 1194 3144 rum
1215 3072 1357 3146 bactrio
1378 3071 1489 3147 tlluua

137 3217 244 3292 pecua
274 3195 489 3290 requiritur
517 3192 786 3266 certitudr‘rmm
815 3191 860 3265 de
889 3215 964 3266 non
994 3181 1320 3268 consummatione
1356 3191 1490 3267 matri·
1597 3179 1600 3186 ¹

137 3311 332 3386 monii...
365 3335 509 3387 memor
544 3310 737 3388 doctrinae
766 3311 1044 3387 catholicae...
1076 3335 1303 3413 quamquam
1342 3312 1489 3388 nullam

140 3430 304 3507 babeam
340 3455 444 3532 spem
481 3431 802 3508 reconciliationis
830 3431 1068 3524 animorum,
1100 3433 1176 3509 imo
1205 3433 1335 3511 Caroli
1363 3433 1490 3510 Ferko

138 3577 208 3654 per
237 3550 367 3626 omnia
403 3551 447 3626 ab
477 3575 594 3626 uxore
622 3575 691 3626 sua
718 3549 877 3626 dissolvi
915 3551 1104 3654 cupientis
1132 3578 1155 3628 a
1188 3552 1260 3628 fide
1288 3552 1491 3632 Catholica

138 3671 337 3747 delectum
356 3695 534 3774 paveam3
561 3675 682 3747 totam
702 3697 855 3748 causam
879 3671 1209 3748 diiudicandam...
1233 3673 1368 3750 Sacrae
1389 3673 1492 3752 (lon-

50 3813 56 3832 ·
139 3793 364 3896 gregationi
392 3791 557 3870 Concilii
585 3791 828 3868 devotissime
858 3793 1057 3869 substerno
1075 3822 1111 3866 s.

225 3913 359 4002 Quoad
396 3913 661 3990 testimonium
698 3913 881 4015 septimae
918 3937 1054 3990 manus
1091 3911 1129 3987 l⁰
1158 3911 1323 4016 perfecte
1360 3937 1491 3989 onrnes

139 4036 345 4112 unanimes
382 4039 474 4110 sunt
511 4035 552 4109 in
581 4033 804 4110 affirmanda
833 4033 1021 4136 probitate
1049 4036 1089 4107 et
1118 4032 1371 4132 religiositate
1403 4058 1493 4135 par-

140 4158 257 4241 tium,
290 4157 329 4230 et
357 4153 414 4230 ita
441 4158 485 4230 ut
513 4178 691 4256 expresse
713 4159 752 4230 et
773 4161 813 4226 εἰ).
834 4161 982 4255 patruis
1009 4153 1254 4228 verissimum
1282 4153 1424 4230 ducant
1443 4180 1491 4230 ex

140 4275 374 4352 sessionibus
403 4277 573 4376 ipsarum
601 4269 904 4366 matrimonium,
936 4274 980 4349 de
1008 4299 1081 4374 quo
1109 4274 1253 4376 agitur,
1276 4299 1352 4350 non
1373 4273 1492 4350 luisse

140 4400 467 4489 consummatum,
498 4402 538 4472 et
567 4419 610 4471 eo
638 4394 755 4470 etiam
784 4420 897 4470 sensu
928 4402 970 4470 ut
999 4401 1108 4470 actus
1138 4395 1201 4495 qui
1231 4395 1276 4470 ad
1305 4420 1389 4470 eum
1411 4419 1494 4470 sco-

141 4543 233 4620 pum
263 4515 468 4618 aliqnando
499 4515 589 4590 lacti
617 4520 759 4608 essent,
784 4512 999 4618 imperfecti
1027 4523 1066 4590 et
1096 4514 1252 4590 inutiles
1274 4513 1433 4588 fuerint.

240 4675 327 4734 Aera,
347 4673 424 4722 Tem.
447 4669 506 4720 H
510 4670 556 4720 VI.
570 4670 648 4735 susc.
672 4669 773 4722 0001.
1363 4673 1377 4716 2
