3636 5232
338 254 402 317 aot
932 273 1087 317 urnales.

341 375 469 447 erecta
505 373 718 474 antiquitus
760 375 938 466 extabat,
980 376 1024 451 ob
1061 378 1217 450 auctum
1255 397 1456 450 numerum
1489 372 1683 449 Sodalium

341 489 497 566 exulare
517 497 647 568 coacta
668 493 808 570 fuerat.
831 492 1005 581 Quatuor
1023 499 1151 569 autem
1176 495 1244 570 vix
1263 493 1374 570 annis
1394 492 1549 594 elapsis,
1572 492 1686 568 iidem

340 608 567 688 Oonfratres
605 614 824 690 canonicam
860 613 912 689 ibi
948 615 1177 690 erectionem
1211 639 1277 690 seu
1314 614 1444 690 verius
1481 613 1686 689 erectionis

340 731 667 809 confirmationem
696 735 740 810 ab
769 733 956 836 Episcopo
984 736 1218 828 obtinebant,
1250 735 1313 836 qui
1342 759 1472 811 eorum
1509 734 1610 809 votis
1641 734 1688 808 li·

293 841 308 866 ''
341 852 473 927 benter
500 853 755 931 obsecundans
784 853 975 930 decretum
1005 854 1122 930 edidit
1142 857 1336 956 sequentis
1365 854 1530 930 tenoris:
1566 855 1686 930 «Nos

341 972 514 1050 Andreas
542 975 711 1051 Arianos
739 975 949 1078 Episcopus
979 975 1166 1051 Andrien.
1197 975 1395 1079 cupientes
1422 975 1463 1050 in
1492 973 1562 1050 hae
1590 974 1689 1049 civi-

341 1096 423 1168 tate
450 1101 700 1195 augmentum
728 1088 850 1170 divini
877 1094 1006 1170 cultus
1035 1095 1235 1197 praecipue
1255 1096 1296 1170 in
1314 1094 1533 1194 obsequium
1562 1093 1689 1194 puris-

339 1212 459 1288 simae
487 1219 526 1289 et
554 1215 805 1292 Beatissimae
834 1215 1009 1318 Virginis
1047 1219 1240 1292 oratorum
1273 1216 1444 1318 precibus
1481 1213 1683 1304 inclinati,

338 1335 571 1410 auctoritate
600 1339 730 1412 nostra
758 1335 963 1428 ordinaria,
985 1339 1098 1437 atque
1127 1336 1276 1412 meliori
1294 1341 1336 1411 et
1364 1332 1541 1410 validiori
1560 1332 1684 1427 mode,

342 1451 440 1552 quod
469 1454 550 1529 iure
580 1479 794 1557 possumus,
816 1459 929 1556 atque
958 1456 1131 1532 valemus
1151 1455 1498 1558 Congregationem
1518 1452 1687 1530 fidelium

291 1567 296 1576 ’
342 1573 541 1673 utriusque
570 1599 683 1650 sexus
712 1575 779 1650 sub
807 1575 1049 1651 invocatione
1079 1575 1348 1679 Conceptionis
1368 1575 1512 1650 Beatae
1540 1573 1688 1650 Mariae

342 1689 519 1792 Virginis
547 1697 711 1769 erectam
740 1695 780 1769 in
810 1693 1024 1796 Collegiata
1053 1695 1161 1773 Ercl.
1186 1697 1324 1773 SSrirae
1353 1697 1458 1771 Anu.
1491 1693 1604 1770 huius
1634 1695 1690 1770 ci-

340 1812 478 1886 vitatis
507 1813 762 1908 instituimus,
794 1815 1082 1910 confirmamuS,
1114 1816 1383 1918 legitimaeque
1411 1820 1452 1891 et
1480 1821 1687 1918 perpetuae

341 1929 539 2008 firmitatis
575 1935 687 2010 robur
723 1935 960 2011 concedimus
997 1961 1083 2012 cum,
1117 1937 1303 2014 facultate
1336 1963 1376 2013 se
1412 1937 1685 2039 congregandi,

341 2051 544 2153 omniaque
572 2054 650 2130 alia
676 2055 934 2157 infrascriptis
962 2057 1106 2158 regulis
1128 2085 1151 2134 a
1179 2060 1293 2135 Nobis
1323 2059 1393 2134 sibi
1420 2057 1612 2160 descripta
1631 2059 1691 2132 fa-

341 2171 464 2248 ciendi
492 2177 531 2248 et
559 2175 782 2276 exequendi,
814 2183 852 2250 et
880 2177 1036 2280 insuper
1058 2178 1178 2254 eidem
1207 2178 1460 2270 concedimus,
1482 2179 1583 2253 etin
1604 2178 1688 2253 rim

341 2297 544 2394 perpetuae
572 2296 737 2388 unionis,
776 2321 845 2372 nec
878 2321 953 2372 non
986 2299 1211 2374 enunciatae
1247 2298 1518 2400 dependentiae
1556 2296 1691 2372 adiici-

341 2438 427 2489 mus
454 2421 493 2490 et
521 2416 803 2519 incorporamus
831 2419 937 2508 iura,
968 2418 1196 2520 privilegia,
1228 2419 1529 2509 anterioritates,
1562 2416 1690 2492 reddi-

342 2539 405 2610 tus
425 2540 464 2611 et
492 2537 619 2612 omnia
646 2537 736 2630 alia,
759 2543 798 2614 et
817 2539 1051 2638 requirentia
1071 2538 1384 2641 specialissimam
1403 2544 1443 2614 et
1470 2537 1691 2614 individua-

341 2657 416 2732 lem
444 2661 739 2761 expressionem,
772 2685 865 2761 quae
902 2663 1124 2763 spectabant
1152 2662 1199 2738 ad
1237 2662 1586 2763 Congregationem
1619 2663 1688 2738 sub

250 2771 253 2778 ’
338 2778 471 2854 eodeni
499 2779 615 2856 titulo
643 2779 911 2882 Conceptionis
932 2783 977 2856 a.
1001 2782 1056 2856 Μ.
1081 2781 1257 2884 Virginis
1286 2782 1500 2882 antiquitus
1520 2787 1691 2856 erectam

342 2899 383 2974 in
413 2899 586 2977 Ecclesia
613 2899 652 2977 S.
684 2903 740 2978 M.
759 2901 927 2978 :Veteris
956 2902 1037 2978 ΡΡ.
1070 2902 1114 2977 de
1142 2903 1384 2979 observantia
1405 2901 1535 2979 Sancti
1566 2902 1693 2977 Fran-

341 3019 446 3114 cisci,
478 3045 564 3095 cum
591 3021 763 3098 omnibus
792 3022 966 3098 oneribus
986 3028 1025 3098 et
1051 3023 1128 3099 imo
1155 3023 1326 3099 eamdem
1354 3023 1395 3098 in
1425 3021 1549 3097 locum
1579 3021 1689 3098 illius

340 3141 603 3238 subrogamus,
633 3146 745 3243 atque
774 3142 1009 3218 declaramus
1037 3167 1119 3219 esse
1137 3144 1323 3237 eamdem,
1345 3147 1384 3219 et
1404 3168 1481 3219 una
1508 3167 1595 3218 cum
1615 3143 1693 3218 eis-

341 3263 424 3338 dem
454 3261 719 3340 Oonfratribus
748 3263 1038 3365 praescribimus
1071 3269 1113 3340 et
1141 3265 1382 3366 assignamus
1418 3263 1691 3365 infrascriptos

343 3381 496 3483 regulas
525 3382 658 3484 lingua
685 3383 838 3460 matrici
866 3382 912 3458 ad
940 3382 1147 3459 faciliorem
1177 3390 1392 3487 captum».

422 3501 627 3578 Praeterea
655 3503 799 3605 regulis
819 3503 863 3578 ab
882 3502 1068 3605 Episcopo
1096 3529 1172 3580 una
1201 3531 1287 3581 oum
1305 3506 1456 3580 decreto
1483 3503 1687 3600 confectis,

341 3621 488 3696 sodales
517 3626 643 3698 tractu
673 3623 853 3726 temporis
872 3622 969 3698 alias
992 3622 1245 3700 adnectendas
1275 3628 1520 3719 censuerunt,
1552 3624 1692 3725 quibus

341 3744 382 3817 et
409 3743 626 3844 approbatio
655 3743 886 3820 Ferdinandi
916 3742 972 3816 IV
1002 3741 1199 3844 utriusque
1218 3745 1371 3821 Siciliae
1400 3745 1523 3847 Regis
1552 3745 1692 3821 deinde

341 3862 515 3938 accessit.
548 3864 604 3940 De
633 3863 848 3941 huiusmodi
886 3867 1015 3938 autem
1044 3864 1203 3940 statutis
1237 3865 1438 3961 nonnulla,
1469 3865 1599 3968 prouti
1627 3891 1692 3942 res

341 3983 564 4085 postulabit,
596 3985 757 4061 inferius
786 3984 949 4059 dicetur.

423 4105 550 4205 Neque
593 4105 655 4182 hic
692 4111 751 4180 est
792 4103 947 4180 silentio
978 4105 1325 4206 praetereundum,
1356 4107 1458 4183 haud
1486 4108 1690 4210 perspicue

341 4249 389 4300 ex
416 4226 512 4300 actis
540 4227 622 4302 erui
651 4226 803 4301 cuinam
821 4224 881 4300 ius
901 4223 1057 4325 regendi
1085 4226 1283 4303 ecclesiam
1302 4227 1571 4304 demandatum
1607 4229 1695 4307 fue-
1811 4229 1812 4256 ³

342 4343 409 4436 rit,
441 4369 525 4420 cum
556 4345 770 4447 Collegium
804 4344 1112 4446 presbyterorum
1142 4369 1241 4422 anno
1283 4345 1385 4424 1813
1413 4349 1458 4424 ab
1486 4347 1617 4424 eadem
1647 4350 1693 4427 in

342 4463 444 4540 aliud
473 4467 644 4542 civitatis
674 4466 859 4568 templum
888 4491 970 4540 sese
1000 4467 1218 4543 transtulit.
1251 4469 1406 4545 Etenim
1438 4469 1472 4544 si
1500 4469 1693 4570 quoddam

339 4585 583 4663 attendamus
611 4590 913 4664 instrumentum
933 4587 976 4662 ab
996 4611 1071 4664 uuo
1091 4587 1348 4690 litigantium,
1382 4590 1599 4668 videliceta
1620 4617 1694 4694 pa-
