3674 5262
756 227 858 272 snare
1434 209 1475 272 83

125 327 342 416 eligebatur,
368 329 543 396 nondum
560 328 658 397 enim
684 329 848 396 Romam
873 328 1038 415 martyrii
1056 327 1218 396 nuncius
1242 331 1475 414 pervenerat.
1522 327 1525 334 ’

126 433 201 504 Sed
224 434 276 504 ad
300 435 509 522 gloriosum
535 434 784 504 pastoralium
809 430 981 503 laborum
1006 433 1123 504 finem
1146 433 1389 504 Venerabiles
1410 435 1476 504 Dei

127 539 257 610 famuli
288 543 552 630 properabant.
586 542 663 620 tam
698 559 819 628 vagus
848 542 883 609 in
916 543 1054 631 vulgus
1086 547 1306 610 manaverat
1333 560 1476 625 rumor,

125 649 299 718 laturum
324 655 365 718 ut
399 649 602 736 imperator
632 648 761 735 capitis
795 666 958 734 poenam
988 649 1142 736 captivis
1166 649 1408 718 Missionariis
1439 649 1475 715 in

127 757 285 826 exilium
311 761 570 842 commutaret,
584 775 672 825 cum
689 773 813 824 novus
828 756 1019 842 Pro-Rex,
1037 758 1101 844 qai
1119 776 1192 825 non
1209 757 1343 824 minori
1359 775 1475 846 quam

127 865 403 952 praedecessor
426 863 737 932 Christianumin
766 881 906 930 nomen
938 862 1022 931 odio
1052 863 1250 949 ferebatur,
1275 863 1362 932 inito
1386 881 1476 931 cum

124 971 285 1040 civitatis
310 989 354 1040 ae
378 970 592 1058 provinciae
628 970 847 1057 proceribus
883 971 1045 1057 consilio,
1076 971 1216 1040 Servos
1247 971 1312 1039 Dei
1335 971 1371 1038 in
1396 988 1478 1039 car-

126 1078 280 1146 ceribus
304 1077 402 1146 clam
421 1078 633 1146 enecandos
658 1076 830 1164 decrevit,
856 1079 1073 1164 Imperatori
1089 1079 1267 1164 deinceps
1290 1075 1477 1147 relaturus

131 1184 217 1252 illos
242 1184 409 1252 (liutinae
433 1183 624 1253 custodiae
651 1184 901 1252 incommodis
929 1203 974 1254 ae
997 1185 1189 1254 aerumnis
1215 1181 1404 1252 conlectos
1427 1201 1478 1251 ex
1564 1238 1568 1244 ,

128 1289 201 1360 bae
229 1290 307 1360 vita
343 1291 538 1378 migrasse.
577 1291 803 1378 Intempesta
834 1292 957 1379 itaque
994 1295 1101 1359 noete
1133 1291 1201 1358 diri
1235 1290 1409 1360 satellites
1440 1290 1475 1356 in

129 1399 417 1468 venerabilium
440 1399 505 1468 Dei
529 1399 733 1469 Servorum
752 1400 867 1468 cellas
882 1401 1105 1488 irrumpunt,
1126 1419 1171 1470 ac
1186 1401 1351 1488 primum
1368 1403 1480 1468 Fran·

122 1507 275 1574 eiscum
301 1506 464 1574 Serrano
489 1511 524 1576 et
547 1503 710 1575 loacliim
738 1509 863 1596 Repe,
888 1509 951 1595 qui
976 1511 1166 1578 venientes
1196 1509 1350 1586 comiter
1373 1526 1478 1576 exce·

127 1619 266 1698 perant
288 1615 325 1680 et
348 1613 430 1682 laeti
457 1613 586 1683 mortis
609 1613 790 1682 nuncium
815 1615 1019 1700 audierant,
1037 1615 1197 1684 occlusis
1221 1614 1476 1702 respirationis

130 1719 201 1786 iiis
236 1719 474 1806 interimunt3
505 1725 636 1807 postea
671 1723 869 1792 Francisco
900 1723 987 1792 Diaz
1018 1728 1055 1792 et
1084 1724 1211 1793 loanni
1243 1722 1403 1791 Alcober
1427 1721 1478 1787 in·

128 1831 237 1898 tortis
262 1829 359 1898 collo
388 1827 541 1898 funibus
575 1830 746 1918 spiritum
774 1829 924 1898 elidunt.
961 1831 1063 1899 Sica
1097 1829 1366 1899 strenuissimis
1390 1827 1478 1897 fidei

126 1935 391 2006 adsertoribus
413 1937 531 2024 pretio
555 1937 749 2024 sanguinis
766 1942 890 2024 empta
914 1935 1183 2006 immortalitas.
1212 1937 1272 2006 Sic
1294 1937 1404 2024 primi
1428 1936 1478 2004 ad

127 2043 244 2111 Sinas
269 2061 319 2110 ex
345 2041 482 2127 inclyto
513 2043 816 2112 praedicatorum
854 2043 990 2112 Ordine
1019 2043 1124 2112 missi
1154 2043 1344 2130 Evangelii
1374 2061 1477 2130 prae

126 2167 250 2218 eones
273 2149 478 2238 gloriosam
500 2149 668 2236 martyrii
684 2149 852 2244 palmam
870 2149 992 2236 adepti
1010 2153 1113 2235 sunt;
1140 2149 1313 2236 idemque
1338 2149 1476 2236 Ordini,

128 2257 208 2326 iam
235 2261 289 2325 tot
312 2256 496 2342 tantisque
520 2255 555 2322 in
581 2274 660 2325 rem
691 2256 917 2325 Catholicam
951 2256 1092 2325 meritis
1116 2255 1334 2342 conspicuo,
1360 2253 1478 2323 decus

129 2383 280 2434 novum
306 2369 418 2451 atque
443 2371 707 2434 ornamentum
740 2365 973 2435 addiderunt.
1007 2367 1138 2451 Neque
1173 2363 1346 2433 caelestia
1371 2364 1477 2451 signa

126 2471 297 2542 deluere.
322 2471 415 2540 Mira
439 2471 538 2539 enim
556 2489 758 2558 corporum
783 2471 1019 2558 incorruptio,
1038 2470 1335 2558 supranaturalis
1359 2470 1478 2557 splen-

127 2579 201 2646 dor
225 2597 251 2645 a
275 2576 581 2646 suaveolentibus
606 2577 885 2646 Venerabilium
911 2577 975 2645 Dei
1001 2577 1205 2646 Servorum
1231 2575 1376 2646 exuviis
1392 2577 1478 2646 emi-

127 2704 239 2770 cans,
264 2685 517 2772 pervicacium
542 2686 796 2772 quorumdam
821 2684 1027 2755 infidelium
1057 2684 1253 2753 conversio
1279 2684 1326 2752 ad
1350 2683 1477 2770 tidem,

128 2791 346 2861 teterrimae
369 2791 530 2878 denique
565 2793 895 2879 poenae‚‘quibus
925 2792 1072 2879 tyranni
1108 2791 1243 2878 aliique
1267 2791 1394 2880 caedis
1417 2810 1480 2860 aa·

128 2903 260 2966 ctores
290 2897 445 2966 obnoxii
483 2895 633 2966 luerunt
664 2901 876 2987 Martyrum
911 2899 1070 2986 gloriam
1106 2895 1313 2966 luculenter
1347 2895 1481 2966 conflr-

128 3009 295 3074 marunt.
320 3007 445 3086 Quare
469 3005 516 3076 de
540 3007 707 3093 ipsorum
739 3005 1029 3080 beatificationis,
1051 3025 1167 3075 causa
1192 3006 1293 3094 apud
1319 3007 1480 3094 Congre

128 3114 322 3203 gallonem
347 3114 466 3182 saeris
491 3113 784 3184 tuendis‘ritibus
806 3115 1058 3201 praepositam
1075 3115 1134 3202 agi
1151 3119 1326 3200 coeptum
1351 3119 1415 3198 est3
1433 3133 1479 3184 ac

130 3219 298 3288 iuridicis
323 3221 603 3308 probationibus
627 3220 693 3290 rite
718 3221 905 3308 expensis
931 3221 978 3290 de
1001 3221 1167 3308 quinque
1199 3219 1479 3290 venerabilium

128 3327 343 3395 Servorum
378 3325 443 3395 Dei
480 3327 675 3414 martyrio,
712 3343 904 3413 musaque
941 3327 1106 3413 martyrii
1142 3327 1192 3393 Vl
1228 3327 1317 3395 Idas
1352 3327 1478 3398 lunias

131 3440 246 3504 Anno
270 3432 573 3502 MDCCLXXVII
597 3431 655 3501 lel.
680 3451 754 3502 rec.
779 3434 868 3501 Pius
892 3433 960 3500 PP.
978 3434 1027 3500 Vl
1052 3433 1324 3504 Praedeeessor
1343 3435 1479 3504 Noster

130 3549 308 3612 constare
331 3541 543 3612 declaravit.
569 3543 702 3611 Postea
719 3543 906 3631 integrum
921 3545 1007 3631 post
1022 3544 1193 3630 elapsum
1217 3544 1414 3614 saeculum
1430 3546 1480 3617 de

131 3648 252 3738 signis
264 3649 486 3736 martyrium
500 3649 626 3736 ipsum
642 3647 952 3718 confirmantibus
967 3651 1045 3718 Nos
1062 3649 1183 3720 idibus
1200 3651 1479 3722 Novembribus

132 3756 341 3844 superioris
364 3757 452 3825 anni
476 3756 667 3826 decretum
692 3756 855 3826 tulimus.
882 3757 991 3825 Hisce
1017 3759 1177 3844 peractis
1193 3758 1247 3827 ad
1271 3758 1478 3847 legitimum

131 3881 274 3934 causae
298 3863 618 3951 complementum
641 3869 847 3951 supererat,
864 3870 905 3932 ut
920 3864 1164 3934 Venerabiles
1189 3859 1335 3936 Fratres
1359 3868 1478 3936 nostri

131 3969 306 4042 eiusdem
330 3971 534 4040 Sacrorum
560 3971 713 4039 Rituum
738 3971 1043 4058 Congregationis
1067 3971 1281 4041 Cardinales
1305 3991 1479 4062 rogaren-

131 4085 204 4162 tur,
231 4095 323 4146 num
347 4083 478 4164 stante,
505 4081 544 4146 ut
567 4077 739 4164 superius
764 4077 903 4146 dictum
929 4081 994 4162 est,
1010 4079 1287 4165 ¹approbatione
1312 4079 1479 4168 martyrii

130 4191 170 4254 et
193 4201 334 4254 causae
357 4183 525 4272 martyrii
549 4183 721 4271 pluribus
744 4185 897 4272 signisa
920 4185 996 4252 Deo
1021 4185 1189 4254 illustrati
1205 4191 1241 4254 et
1254 4184 1478 4274 confirmati,

132 4295 214 4358 tuto
239 4291 388 4378 procedi
412 4309 527 4378 posse
550 4295 747 4360 censerent
770 4291 817 4360 ad
842 4293 1043 4360 Beatorum
1068 4293 1232 4361 honores
1255 4291 1388 4362 iisdem
1413 4295 1478 4362 Dei

131 4395 265 4465 Servis
287 4395 559 4483 decernendam
585 4398 697 4486 hique
721 4399 757 4465 in
781 4398 944 4486 generali
968 4405 1156 4468 conventu
1177 4399 1249 4468 hoe
1272 4399 1353 4486 ipso
1377 4419 1478 4470 anno

132 4501 224 4570 Xlll
249 4501 438 4574 Kalendas
461 4505 654 4576 lanuarias
670 4523 800 4574 coram
815 4505 931 4574 Nobis
947 4506 1082 4592 habite,
1100 4511 1178 4576 tuto
1202 4507 1238 4576 id
1262 4504 1343 4578 lieri
1365 4525 1480 4594 posse
