3650 5242
276 292 335 354 172
876 305 1011 352 nonnus

656 407 943 492 Disceptatio
967 405 1221 491 Synoptlca
1315 447 1320 460 .

350 516 670 610 Animadversum
700 534 774 610 suit
802 533 922 635 quoad
942 533 1177 635 propositum
1199 531 1353 608 dubium
1371 529 1467 629 quod
1492 528 1611 604 222222.

271 651 330 729 Dc
356 653 480 742 Lucu,
515 655 578 754 qui
608 654 698 729 licet
726 681 774 730 ex
802 654 971 757 professo
999 655 1044 730 de
1073 653 1144 730 hac
1172 652 1393 755 quaestione
1429 675 1505 728 non
1533 649 1612 724 dis-

272 775 397 868 serat,
429 777 600 850 attamen
639 773 696 850 De
728 776 869 850 22222222.
910 775 1003 851 disc.
1042 773 1098 854 22
1126 786 1162 850 et
1195 773 1273 859 24,
1314 777 1353 849 et
1386 771 1444 848 Dc
1484 771 1611 868 bertas.

273 895 366 970 disc.
399 895 466 978 10,
498 921 539 970 22.
571 895 597 968 7
626 895 747 972 tradit
774 895 870 996 quod
897 924 917 969 <
948 897 989 973 in
1027 921 1104 972 una
1135 896 1294 972 dioecesi
1325 918 1423 972 unus
1460 895 1615 970 tanturn

269 1014 385 1092 datur
413 1015 590 1092 Vicarius
620 1015 824 1118 generalis
855 1017 916 1093 cui
944 1017 1034 1092 data
1063 1017 1115 1094 sit
1144 1018 1325 1094 universa
1343 1014 1554 1092 iurisdictio
1573 1016 1615 1091 in

273 1141 355 1214 tota
383 1138 558 1216 dioecesi.
585 1139 671 1215 »ln
691 1143 863 1216 tractatu
891 1164 982 1216 vero
1002 1139 1059 1216 De
1078 1140 1267 1242 pamcbis
1295 1141 1389 1215 disc.
1423 1139 1495 1222 45,
1521 1138 1616 1211 rad

271 1258 370 1336 idem
398 1263 531 1336 auctor
558 1260 700 1336 clarius
728 1259 843 1336 etiam
873 1260 1026 1336 scribit:
1049 1260 1146 1362 quod
1169 1285 1448 1362 «pernecesse
1478 1259 1614 1334 unicus

271 1381 403 1457 debeat
418 1407 499 1456 esse
519 1380 697 1457 Vicarius
717 1381 922 1481 generalis,
937 1405 1057 1482 neque
1077 1381 1119 1456 in
1138 1381 1268 1456 eadem
1286 1381 1459 1457 Dioecesi
1478 1379 1618 1456 dentur

271 1501 346 1576 duo
367 1499 514 1576 Vinarii
535 1501 729 1602 generales
748 1505 821 1576 etc.
849 1532 867 1571 »
891 1501 989 1578 Cum
1009 1501 1068 1577 his
1087 1525 1295 1602 congruere
1318 1499 1436 1576 etiam
1462 1499 1615 1575 videtur

271 1618 464 1696 decretum
493 1619 533 1696 S.
565 1619 611 1698 O.
645 1621 917 1724 Episcoporum
955 1625 993 1696 et
1032 1620 1288 1722 Regularium
1328 1620 1367 1696 in
1402 1619 1612 1696 Almerien.

275 1741 352 1815 2222·
367 1741 394 1814 6
412 1740 648 1844 Septembris
668 1741 777 1816 4848
791 1742 889 1844 apud
911 1743 1081 1818 Bizzarri
1107 1741 1257 1818 Collect.
1284 1740 1325 1816 in
1352 1767 1440 1843 quc,
1463 1740 1615 1816 etiamsi

275 1885 350 1937 nou
379 1864 560 1963 appareat
588 1887 798 1938 sermonem
818 1887 900 1938 esse
919 1862 963 1938 de
991 1862 1132 1939 duobus
1166 1861 1331 1938 Vicariis
1356 1861 1613 1964 generalibus

274 2005 391 2082 aeque
405 1981 689 2084 principalibus
713 1983 898 2059 nonnulla
918 1987 1047 2060 tamen
1068 1985 1312 2085 reperiuntur
1331 1984 1446 2060 verba
1464 2009 1558 2084 quas
1577 1987 1617 2058 et

272 2125 401 2176 casum
430 2101 539 2177 hodic
566 2103 802 2204 propositum
829 2103 1011 2206 amplecti
1046 2101 1283 2179 viderentur.
1316 2102 1414 2180 Sane
1441 2103 1493 2178 ibi
1522 2103 1617 2180 haec

274 2226 471 2324 prostant:
503 2247 546 2298 eo
574 2223 670 2323 quod
699 2222 877 2327 Episcopi
906 2229 1095 2324 nequeant
1123 2225 1259 2326 absque
1278 2248 1457 2326 expresso
1486 2223 1525 2299 S.
1550 2222 1618 2299 Se-

205 2367 207 2372 ’
274 2343 333 2418 dis
361 2343 525 2438 indulto,
556 2348 789 2421 constituere
816 2345 909 2422 duos
938 2344 1113 2422 Vicarios
1143 2345 1339 2447 generales
1373 2346 1412 2420 in
1446 2369 1524 2420 una
1552 2347 1618 2419 ea-

274 2464 431 2566 demque
460 2465 647 2556 Dioecesi3
680 2466 850 2566 nequibit
893 2467 946 2543 R.
978 2467 1147 2559 Vestra,
1179 2491 1227 2542 ex
1255 2492 1327 2566 quo
1356 2465 1545 2542 retinebat
1574 2463 1616 2539 in

273 2585 396 2661 officio
416 2585 614 2661 Vicarium
633 2573 862 2687 generalem,
881 2588 1062 2688 deputare
1081 2587 1365 2691 pro-Vicarium
1384 2584 1615 2688 generalem,

274 2708 339 2809 qui
368 2707 667 2783 iurisdictionem
695 2711 890 2783 exerceret
919 2731 1107 2782 unacum
1137 2706 1306 2859 Vicario.
1331 2711 1460 2808 Neque
1479 2705 1619 2781 desunt

275 2835 365 2906 auct
367 2853 473 2922 oreS,
518 2831 563 2904 ut
599 2828 705 2904 Santi
744 2828 936 2902 Proelect.
974 2828 1038 2902 2’.22
1074 2828 1175 2911 4,2
1174 2825 1322 2914 228,
1361 2853 1402 2900 n.
1437 2825 1512 2910 24,
1554 2826 1618 2927 qui

274 2949 436 3026 doceant
419 2948 613 3052 tpraxim
641 2947 756 3051 deput
740 2947 847 3023 tandi
875 2947 1003 3050 plures
1033 2947 1207 3022 Vicarios
1235 2973 1350 3048 aeque
1370 2946 1615 3049 principales

277 3069 368 3146 licet
397 3070 504 3147 nulla
533 3068 615 3169 lege
644 3093 822 3170 expresse
845 3061 1102 3170 reprobatam,
1135 3066 1234 3144 haud
1268 3071 1397 3142 tamen
1434 3066 1529 3142 iuris
1559 3065 1619 3141 in-

278 3193 441 3268 tentioni
471 3189 708 3293 respondere.
741 3189 843 3276 Quin
871 3189 947 3264 imo
976 3188 1025 3264 cl.
1057 3189 1195 3264 Devoti
1224 3189 1319 3264 satis
1338 3193 1469 3292 aperte
1488 3187 1619 3263 innuit

277 3312 607 3415 multiplicitatem
636 3310 878 3386 Vicariorum
907 3310 1026 3384 menti
1055 3307 1270 3384 Tridentini
1300 3308 1520 3400 adversari,
1553 3307 1619 3409 qui

276 3459 424 3536 semper
451 3433 495 3508 de
525 3433 635 3508 unico
663 3431 817 3507 Vicario
846 3429 1015 3532 generali
1047 3431 1227 3530 loquitur.

362 3555 620 3630 Nihilominus
648 3579 668 3628 e
695 3557 830 3629 contra
857 3552 998 3628 Lucius
1027 3551 1199 3628 Ferraris
1228 3549 1270 3625 in
1290 3576 1359 3625 sua
1387 3549 1490 3624 42222.
1523 3563 1618 3624 cura

276 3705 357 3754 coc.
399 3669 475 3750 Vr‘c.
505 3702 595 3778 pen.
627 3674 765 3750 asserit
794 3673 889 3774 quod
915 3703 932 3743 «
956 3672 1153 3774 episcopus
1196 3673 1321 3772 potest
1362 3669 1479 3746 etiam
1508 3668 1616 3745 binos

279 3796 452 3872 Vicarios
482 3795 678 3897 generales
707 3820 822 3895 aeque
852 3792 1081 3896 principales
1110 3815 1177 3867 seu
1205 3791 1246 3866 in
1275 3789 1436 3866 solidum
1474 3789 1620 3865 consti-

279 3922 401 4010 tuere,
433 3916 598 3992 maxime
627 3916 660 3991 si
687 3915 866 3990 dioecesis
896 3914 948 3989 sit
976 3911 1150 3992 multum
1185 3911 1312 4013 ampla
1348 3934 1383 4001 »3
1421 3915 1534 4011 atque
1572 3908 1619 3984 ad

278 4036 524 4113 assertionem
555 4061 663 4113 suam
692 4035 752 4110 firr
754 4035 915 4111 nandum
947 4033 1180 4135 pluresa
1102 4032 1180 4108 cita
1183 4031 1400 4133 tprobat'os
1443 4033 1619 4106 auctores

275 4183 345 4234 ceu
373 4157 644 4249 Reiffenstuel‚
678 4155 910 4248 Rebuffum‚
943 4155 1042 4230 Btrl
1044 4157 1215 4228 osae
1261 4151 1323 4228 le
1352 4151 1412 4226 his
1455 4150 1623 4228 sufficiat

278 4281 365 4354 ttan
368 4303 430 4353 um
459 4277 624 4390 allegare
654 4277 845 4354 Reiffenst
848 4213 931 4368 uei,
973 4274 1125 4375 quibd
1100 4274 1220 4358 ’2.4,
1260 4280 1316 4348 222.
1289 4271 1418 4356 22,8
1459 4271 1517 4347 De
1546 4273 1618 4372 off.

287 4398 366 4475 Vic.
398 4399 491 4474 haec
520 4397 654 4474 habet:
615 4395 933 4506 tcEpiscopus
953 4401 1015 4497 pol
1019 4398 1117 4469 este
1097 4395 1213 4469 etiam
1234 4393 1338 4470 binos
1360 4391 1534 4469 Vicarios
1554 4417 1621 4494 ge-

278 4521 427 4599 nerales
455 4545 570 4620 aeque
598 4517 826 4622 principales
855 4541 920 4591 seu
949 4515 990 4592 in
1019 4513 1181 4590 solidum
1209 4513 1455 4608 constituere,
1479 4517 1522 4590 ut
1550 4537 1621 4589 ex-

278 4639 460 4745 peditioni
488 4664 690 4716 causarum
718 4637 868 4714 facilius
897 4634 1134 4711 consulatur.
1170 4663 1187 4702 s
