3636 5232
256 277 260 290 .
329 232 388 295 {94
506 259 508 264 v
822 245 976 293 emsrota
998 246 1180 292 nncvctrcn

328 355 394 438 tes,
420 368 496 418 non
520 347 676 436 singulis
700 347 825 434 modo,
849 347 918 418 sed
941 347 1045 416 omni
1068 347 1179 416 etiam
1203 345 1432 433 reipublicae
1456 364 1541 416 esse
1555 345 1672 414 maxi·

285 481 287 486 ¹
331 476 416 528 mas
438 456 656 543 parituram.

415 565 536 632 Nemo
561 567 618 631 est
639 560 903 651 quemfugiat,
927 565 1114 648 quantum
1128 561 1219 648 Nos,
1245 578 1314 648 pro
1331 559 1502 647 supremi
1516 561 1673 647 Aposto

327 669 425 738 latus
448 687 615 756 munere,
640 668 689 738 ad
712 668 818 738 civile
842 669 983 738 bonum
1009 665 1180 737 conterre
1197 667 1466 754 studuerimus,
1490 684 1535 736 ac
1557 683 1671 752 porro

274 821 277 828 ,
327 777 446 865 parati
469 776 600 862 simuS,
624 776 678 844 sic
702 778 803 845 Deus
827 775 932 862 adsit,
948 773 1129 846 conferre.
1153 775 1261 861 Nam,
1279 774 1343 861 qui
1359 773 1515 861 imperio
1530 773 1673 862 potian-

326 888 396 970 tur,
422 901 489 952 eos
512 901 626 970 saepe
650 883 878 969 monuimus,
903 899 951 950 ne
974 881 1165 969 perierant
1187 880 1291 969 leges
1307 899 1375 968 per
1390 898 1533 967 easque
1548 883 1672 968 agant,

327 991 398 1059 nisi
421 991 469 1060 ad
493 1007 670 1058 normam
693 989 962 1077 aequissimam
979 989 1127 1058 divinae
1144 989 1294 1076 Mentis;
1319 988 1422 1058 cives
1445 991 1583 1074 autem,
1607 987 1673 1076 qui

326 1098 470 1186 celeria,
494 1099 573 1166 sive
597 1096 754 1185 ingenio,
780 1097 861 1165 sive
883 1096 999 1182 partis
1015 1095 1174 1180 meritis,
1199 1095 1280 1165 sive
1296 1095 1482 1164 nobilitate
1501 1093 1674 1162 fortunis-

326 1225 402 1293 que
425 1203 655 1290 antecellant,
680 1202 813 1272 crebro
837 1201 1022 1271 adhortati
1045 1219 1184 1270 sumus
1208 1205 1258 1287 ut,
1283 1200 1447 1270 consiliis
1470 1199 1612 1270 collatis
1636 1205 1673 1269 et

327 1313 485 1398 viribus,
521 1329 583 1380 res
606 1309 797 1379 maximas
820 1309 1112 1396 potissimasque
1141 1308 1297 1378 civitatis
1327 1313 1504 1378 tueantur
1530 1311 1566 1376 et
1588 1323 1673 1393 pro-

327 1420 475 1490 vehant.
498 1454 544 1466 -
566 1415 641 1485 Sed
665 1434 755 1484 vero
780 1415 891 1483 nimis
914 1414 1031 1483 multa
1056 1419 1153 1500 sunt,
1180 1414 1327 1502 quibua,
1352 1421 1393 1483 ut
1416 1413 1531 1484 modo
1555 1417 1612 1483 est
1627 1413 1673 1481 ci-

310 1525 410 1594 'vilis
433 1523 668 1610 consociatio
693 1522 864 1610 publicae
887 1520 1104 1608 disciplinae
1120 1521 1272 1592 vincula
1285 1521 1533 1608 infirmentur,
1557 1525 1671 1609 atque

325 1633 454 1721 populi
477 1653 499 1701 a
523 1632 621 1700 iusta
644 1647 797 1698 morum
821 1630 1017 1698 honestate
1032 1629 1295 1717 persequenda
1319 1631 1565 1700 abducantur.
1590 1629 1671 1698 lam

325 1739 442 1808 Nobis
465 1738 536 1807 tria
557 1737 759 1825 praecipue
783 1736 956 1805 videntur
977 1737 1166 1805 teterrima
1190 1737 1228 1804 in
1244 1737 1460 1806 communis
1476 1737 1565 1807 boni
1586 1757 1672 1826 per-

325 1844 478 1913 niciem:
504 1861 548 1912 ea
572 1845 670 1929 sunt,
695 1840 887 1910 modestae
910 1839 1008 1910 oilae
1031 1846 1068 1910 et
1082 1845 1262 1912 actuosae
1277 1841 1482 1932 fastidium
1490 1865 1507 1930 ;
1530 1845 1672 1914 horror

324 1947 520 2040 patienda
536 1947 776 2038 ficturorum,
803 1967 902 2036 quoe
924 1967 1140 2037 speramus,
1164 1947 1309 2018 obtimo.

416 2058 617 2139 Querimur
639 2058 735 2144 Nos,
766 2057 911 2145 ipsique
933 2055 1095 2126 fatentur
1117 2055 1214 2126 ultro
1238 2077 1283 2128 ac
1306 2058 1433 2130 dolent
1454 2060 1519 2146 qui
1542 2061 1671 2130 omnia

324 2171 505 2238 revocant
527 2166 576 2236 ad
599 2169 756 2236 naturae
781 2165 909 2234 lumen
937 2169 973 2234 et
994 2165 1203 2251 utilitatem,
1236 2165 1375 2235 vulnus
1399 2167 1592 2236 humanae
1614 2185 1672 2236 so-

325 2274 462 2360 cietati,
487 2274 600 2362 idque
624 2273 840 2358 vehemens
865 2291 915 2339 ex
938 2289 984 2340 eo
1007 2269 1139 2357 infligi,
1165 2271 1267 2358 quod
1291 2271 1413 2341 officia
1437 2274 1670 2362 virtutesque

324 2383 573 2471 negliguntur,
591 2398 688 2468 quae
704 2397 826 2467 genus
842 2379 939 2448 vitae
955 2383 1142 2447 exornant
1156 2381 1268 2448 tenue
1284 2383 1320 2448 et
1335 2397 1549 2448 commune.
1574 2379 1672 2450 Hinc

323 2490 536 2574 enimvero,
564 2487 600 2554 in
625 2485 830 2554 domestica
853 2483 1124 2554 consuetudine
1148 2483 1312 2555 debitam
1336 2488 1469 2556 natura
1493 2487 1670 2557 obedien·

323 2597 413 2666 tiam
437 2615 461 2664 a
484 2593 609 2663 liberis
632 2592 829 2661 detrectari
851 2597 1041 2679 proterve,
1066 2591 1190 2661 omnis
1214 2592 1491 2679 impatientibus
1514 2593 1672 2682 discipli-

323 2723 405 2791 nae,
430 2703 500 2770 nisi
524 2701 557 2770 si
579 2719 677 2787 quae
701 2704 758 2769 est
782 2698 990 2786 voluptaria
1014 2705 1051 2769 et
1073 2699 1205 2768 mollis.
1230 2700 1325 2769 Hinc
1347 2699 1501 2788 opifices
1521 2702 1602 2772 suis
1627 2721 1670 2772 se

324 2811 466 2881 artibus
491 2825 697 2894 removere,
722 2804 901 2894 defugere
921 2806 1079 2893 labores
1105 2825 1175 2875 nec
1192 2811 1292 2876 sorte
1308 2812 1513 2896 contentos
1538 2809 1671 2881 altiora

324 2917 532 3004 suspicere,
565 2915 817 3001 improvidam
841 2915 1049 3001 quamdam
1077 2917 1296 3002 expetentes
1319 2916 1583 3001 aequationem
1607 2919 1671 2987 bo·

324 3042 478 3094 norum:
502 3022 634 3092 similia
659 3021 866 3091 multorum
889 3022 1022 3108 studia,
1047 3025 1096 3109 ut,
1122 3021 1234 3091 natali
1250 3041 1338 3092 rure
1354 3023 1490 3111 relicto,
1515 3025 1672 3094 urbium

324 3149 499 3199 rumores
523 3129 670 3216 capiant
692 3127 911 3215 effusasque
933 3128 1139 3198 illecebras.
1175 3129 1270 3196 Hinc
1293 3130 1388 3198 inter
1411 3131 1563 3200 ordines
1587 3132 1672 3200 civi·

323 3240 442 3306 tatum
470 3235 722 3323 aequilibritas
749 3234 865 3322 nulla;
902 3239 1035 3304 nutare
1059 3236 1201 3322 omnia,
1238 3237 1386 3304 animos
1416 3237 1670 3309 simultatibus

324 3342 537 3430 invidiaque
560 3342 734 3430 torqueri,
759 3342 817 3410 ius
841 3343 1053 3411 conculcari
1072 3342 1208 3430 palam,
1234 3360 1301 3411 eos
1322 3343 1493 3431 denique,
1518 3345 1583 3431 qui
1598 3363 1669 3432 spe

324 3450 398 3519 sint
420 3448 511 3536 falsi,
537 3468 604 3537 per
627 3449 846 3519 seditionem
871 3455 907 3518 et
922 3450 1052 3518 turbas
1076 3449 1266 3535 publicam
1284 3455 1427 3519 tentare
1443 3469 1587 3538 pacem,
1612 3452 1670 3522 iis·

325 3575 399 3643 que
422 3557 602 3625 obsistere
626 3573 790 3644 quorum
814 3561 871 3624 est
893 3555 995 3625 illam
1018 3557 1138 3625 tutari.
1172 3593 1218 3605 -
1247 3557 1382 3626 Contra
1407 3557 1500 3627 haec
1523 3560 1667 3630 curatio

324 3666 469 3750 petatur
492 3683 514 3732 a
539 3665 696 3733 Rosario
713 3664 866 3750 mariali,
892 3663 993 3751 quod
1009 3664 1122 3732 simul
1146 3669 1246 3734 certo
1263 3682 1420 3750 precum
1436 3665 1566 3734 ordine
1582 3683 1670 3734 con-

324 3773 396 3839 stat
420 3775 456 3839 et
478 3770 539 3856 pia
562 3773 828 3860 mysteriorum
853 3771 984 3840 Christi
1009 3771 1217 3841 Servatoris
1236 3776 1273 3841 et
1287 3771 1417 3842 Matris
1440 3778 1669 3843 commenta-

324 3877 432 3947 tione.
456 3879 601 3967 Nempe
622 3879 851 3970 qurldr'orum
875 3878 1056 3966 mysterio
1079 3881 1197 3967 probe
1222 3885 1257 3949 et
1273 3881 1322 3950 ad
1339 3879 1478 3966 vulgus
1493 3899 1668 3949 enarren-

324 3989 394 4071 tur,
412 4005 465 4072 ac,
482 3985 594 4056 veluti
611 3986 778 4072 picturae
798 3986 987 4074 quaedam
1002 3986 1261 4074 imaginesque
1278 3986 1467 4075 virtutum,
1494 3987 1530 4055 in
1548 3988 1668 4057 oculis

324 4093 523 4162 hominum
546 4095 836 4164 constituantur:
866 4093 1064 4182 perspiciet
1086 4093 1263 4182 quisque,
1289 4113 1405 4181 quam
1430 4094 1557 4180 ampla
1582 4095 1668 4164 inde

322 4217 515 4288 quamque
539 4199 663 4287 facilis,
688 4201 736 4270 ad
754 4201 868 4268 vitam
894 4201 1049 4268 honeste
1065 4203 1379 4288 componendam,
1405 4199 1585 4270 offeratur
1602 4203 1669 4270 do-

321 4311 587 4376 cumentorum
610 4309 735 4395 copia,
759 4308 854 4377 mira
878 4308 1026 4376 animos
1049 4309 1232 4379 suavitate
1255 4308 1503 4378 allicientium.
1530 4347 1571 4357 -
1596 4309 1666 4378 Ob-

322 4419 494 4484 versatur
518 4416 775 4486 Nazarethana
795 4417 943 4502 domus
968 4421 1142 4486 terrestre
1159 4416 1249 4485 illud
1272 4417 1519 4503 divinumque
1535 4417 1667 4486 sancli-

321 4522 471 4592 moniae
494 4523 732 4592 domicilium.
773 4525 962 4604 Quantum
986 4524 1023 4592 in
1048 4543 1091 4594 ea
1123 4523 1359 4613 quotidianae
1383 4524 1665 4593 consuetudinis
