3650 5242
754 325 927 370 nscnsruu
1456 304 1513 365 167

165 425 297 496 nobas
325 423 518 494 Generalis
547 423 844 494 cisterciensium
868 423 1183 513 Reformatorem
1218 426 1263 493 B.
1288 422 1438 492 Murice
1465 419 1512 492 de

171 535 340 622 Trnppn.

257 641 319 708 IV.
344 639 461 708 Sedes
477 637 641 708 ‘Abbatis
658 637 862 724 Generalis,
879 641 960 707 eius
976 636 1177 707 Definitorii
1193 657 1238 708 ac
1253 638 1512 709 procuratoris

164 745 363 816 Generalis
387 746 455 814 erit
477 745 633 816 Romae.
648 781 692 793 -
705 745 861 815 Abbatia
886 745 1035 832 quaein
1055 745 1199 814 titulum
1220 746 1398 833 deinceps
1419 747 1514 815 assi·

163 855 343 944 gnabitur
366 853 500 922 Abbati
525 854 696 924 Generali
720 853 787 922 erit
810 853 985 940 princeps
1008 854 1043 921 in
1069 858 1144 923 toto
1165 855 1306 924 Ordine
1318 856 1461 924 honore
1478 860 1514 925 et

164 963 399 1032 auctoritate.
830 1015 831 1020 ,

257 1069 303 1134 V.
329 1068 472 1138 SSmus
496 1073 596 1136 ratas
628 1067 740 1138 habet
763 1073 798 1137 et
820 1066 1019 1138 confirmat
1050 1069 1250 1139 electiones
1279 1069 1316 1136 in
1345 1067 1534 1155 Capitulo

164 1173 340 1244 Generali
364 1177 536 1262 peractas
558 1173 715 1243 Abbatis
739 1173 941 1260 Generalis
964 1173 1212 1244 Definitorum
1237 1179 1272 1243 et
1294 1175 1514 1242 Procurato
1573 1253 1578 1266 ,

163 1283 221 1352 ris
245 1279 450 1351 Generalis.

259 1387 386 1458 Abdus
413 1386 617 1458 Generalis.
651 1391 773 1457 Rmus
801 1391 907 1458 Dnus
931 1389 1174 1460 Sebastianus
1198 1391 1358 1476 Wyart‚
1383 1391 1514 1460 Abbas

162 1495 388 1568 Monasterii
409 1493 718 1579 Septemiontium
743 1495 871 1578 (dioec.
888 1497 1105 1568 Molinensis
1131 1499 1167 1567 in
1192 1497 1331 1582 Gallia).

258 1599 501 1692 Definitores.
528 1600 561 1671 1⁰
586 1605 691 1672 Dnus
716 1604 934 1690 Malachias‚¹
955 1605 1086 1674 Abbas
1104 1605 1318 1675 Monasterii
1341 1606 1380 1673 B.
1399 1606 1446 1673 M.
1464 1604 1512 1674 de
1597 1608 1601 1617 '

163 1709 286 1779 Acbel
311 1709 440 1792 (dioec.
465 1709 706 1779 Leodicensis
729 1711 766 1778 in
790 1711 940 1798 Belgio).

256 1815 293 1886 2⁰
319 1819 424 1886 Dnus
449 1815 646 1902 Iohannes
675 1817 779 1884 Prior
802 1818 1017 1886 Monasterii
1041 1817 1327 1888 Trinmfontium
1351 1817 1399 1904 (in
1428 1818 1513 1886 sub

163 1924 277 1994 urbio
302 1921 486 2007 romano).

256 2028 294 2098 3⁰
318 2031 426 2098 Dnus
448 2030 673 2116 BernarduS,
699 2030 828 2100 Abbas
851 2032 1067 2101 Monasterii
1084 2033 1123 2100 B.
1140 2033 1188 2100 M.
1205 2033 1252 2100 de
1265 2030 1513 2118 Thymadeuc

165 2135 299 2218 (dioec.
324 2137 547 2206 Venetensis
569 2139 606 2206 in
631 2136 769 2222 Galiia).

258 2240 293 2312 4ο
319 2244 425 2311 Dnus
449 2244 693 2331 Augustinus
712 2244 908 2314 Sub-Prior
927 2246 1143 2316 Monasterii
1162 2247 1298 2314 Montis
1322 2245 1512 2314 Olivarum

166 2349 299 2434 (dioec.
325 2349 689 2436 Gratianopolitanae
713 2351 748 2418 in
773 2350 913 2436 Gallia).

258 2454 294 2524 5⁰
320 2458 426 2525 Dnus
450 2457 657 2541 HubertuS,
683 2459 880 2528 SubPrior
912 2458 1125 2528 Monasterii
1156 2459 1292 2528 Montis
1322 2458 1514 2528 Olivarum

167 2563 300 2646 (dioec.
326 2562 609 2650 Argentinensis
632 2565 668 2632 in
694 2563 918 2646 Germania).

259 2667 294 2737 6⁰
319 2670 427 2738 Dnus
450 2670 694 2758 Augustinus
712 2671 925 2741 Monasterii
949 2669 985 2738 S.
1004 2671 1183 2740 Bernardi
1208 2670 1336 2756 (dioec.
1350 2673 1513 2742 Nottbin-

168 2797 259 2866 gam
283 2779 320 2845 in
345 2776 501 2865 Anglia).

259 2885 498 2954 Procurator
516 2884 720 2954 Generalis.
747 2889 854 2956 Dnus
871 2888 1115 2976 Augustinus
1135 2887 1232 2955 idem
1251 2886 1315 2974 qui
1331 2891 1367 2955 et
1381 2890 1514 2955 sextus

168 2989 356 3061 Definitor.

258 3098 320 3165 Vl.
346 3097 476 3167 Abbas
500 3098 693 3168 Generalis
709 3120 830 3188 usque
847 3100 894 3170 ad
915 3101 1127 3188 Capitulum
1143 3100 1323 3169 Generale
1339 3099 1514 3186 proximo

169 3223 270 3274 anno
293 3205 562 3274 celebrandum
594 3206 763 3276 retinebit
790 3207 955 3277 Titulum
981 3207 1163 3278 Abbatiae
1194 3203 1513 3294 Septemlontium,

170 3313 278 3382 ouius
302 3312 471 3400 regimen
494 3311 640 3380 interim
666 3314 909 3384 demandabit
932 3315 1048 3383 Priori
1076 3315 1125 3383 ab
1148 3333 1192 3383 eo
1214 3312 1384 3401 eligendo
1409 3316 1445 3381 et
1466 3311 1516 3380 ab

170 3438 215 3488 eo
237 3419 483 3506 dependente.

260 3524 337 3592 Vll.
363 3523 539 3593 Nonnulli
562 3543 610 3594 ex
635 3527 812 3596 omnibus
836 3528 982 3597 Ordinis
1006 3528 1174 3614 partibus
1198 3527 1330 3613 pietate
1353 3523 1514 3612 ingenio

172 3649 244 3718 que
269 3631 569 3717 praestantiores
595 3633 843 3720 capitulariter
865 3655 887 3704 a
911 3635 1069 3722 singulis
1085 3634 1252 3703 Abbatiis
1267 3631 1511 3719 proponendi,

173 3743 207 3804 et
228 3737 410 3825 seligendi
434 3738 484 3807 ab
506 3739 651 3808 Abbate
675 3741 846 3811 Generali
870 3760 959 3810 oum
982 3740 1255 3825 Definitoribus,
1273 3741 1417 3808 Romae
1432 3756 1516 3806 con·

172 3841 294 3913 ficient
319 3862 518 3914 sacrorum
553 3846 764 3915 studiorum
800 3867 956 3917 cursum
991 3847 1159 3917 altiorem
1195 3865 1286 3934 prae
1322 3843 1514 3913 communi

175 3951 349 4019 omnibus
374 3951 520 4020 Ordinis
543 3953 695 4023 clericis.

259 4058 353 4126 Vlll.
378 4059 437 4127 Ad
460 4059 762 4146 experimentum
790 4067 825 4130 et
848 4061 974 4149 quoad
1006 4061 1236 4148 approbatae
1265 4057 1400 4128 fuerint
1427 4057 1518 4126 Con-

174 4161 388 4250 stantiam,
414 4165 451 4232 in
475 4171 655 4252 potestate
679 4169 746 4236 erit
762 4169 1061 4254 uniuscuiusque
1079 4167 1234 4236 Abbatis
1252 4166 1319 4250 vel,
1336 4183 1515 4252 quocum·

176 4289 246 4358 que
269 4279 421 4342 nomine
446 4279 693 4360 nuncupetur,
717 4274 930 4361 Superioris
951 4274 1099 4360 domus,
1117 4292 1166 4343 ex
1182 4273 1333 4342 duobus
1358 4271 1514 4340 horariis

177 4377 384 4464 aCapitulo
409 4379 581 4448 Generali
609 4380 768 4450 Sanctae
799 4380 885 4450 Sedi
918 4380 1119 4467 propositis
1154 4397 1272 4448 unum
1308 4377 1515 4450 alterumve

179 4483 289 4570 sequi,
314 4485 416 4572 quod
441 4486 564 4575 magis
586 4487 622 4554 in
649 4487 808 4556 Domino
833 4487 1013 4574 expedire
1037 4487 1262 4558 iudicaverit.

263 4588 326 4657 IX.
351 4591 504 4662 Decreta
535 4593 571 4661 S.
599 4593 713 4662 huius
744 4594 1051 4682 congregationis
1085 4615 1130 4665 ac
1160 4595 1295 4664 Brevia
1325 4611 1514 4664 alanorum
