3674 5264
564 161 566 168 Ι
591 185 631 230 EX
656 184 751 230 ncrls
773 183 1077 230 constsronlatmus
1367 157 1370 164 '
1484 165 1502 227 7

163 289 257 356 Erho
281 286 475 375 Meignan;
506 286 542 356 S.
566 286 706 355 Mariae
738 288 866 355 Novae
894 304 938 355 ac
967 286 1002 355 S.
1028 285 1248 354 Franciscae
1278 285 1316 352 in
1345 283 1425 353 foro
1449 303 1504 354 ro

162 411 276 463 mano
310 394 405 462 Erno
440 392 630 480 Thomas;
666 392 730 462 SS.
757 393 866 460 Nerei
901 396 937 461 et
964 391 1104 462 Achilei
1138 394 1232 461 Eme
1266 390 1501 477 Golimberti;

163 498 220 567 Ss.
245 498 410 568 Silvestri
426 503 462 567 et
476 497 623 567 Martini
638 498 674 565 in
691 498 880 568 Montibus
899 499 993 568 Erho
1013 499 1199 586 Vaszary;
1225 498 1280 568 Ss.
1306 497 1442 580 Quirici
1458 515 1502 566 ac

162 603 305 674 lulittae
328 607 422 674 Emo
447 603 649 692 Graniello;
675 611 710 674 et
725 605 761 674 S.
787 605 965 674 Bernardi
991 604 1039 674 ad
1056 605 1239 673 Thermas
1260 607 1355 673 Emo
1384 605 1502 675 Serto.

241 1021 247 1031 '
346 1008 421 1144 ΕΧ
459 1009 509 1146 8.
544 1009 1039 1146 obruerentur
1084 1009 1325 1146 conetur

807 1251 967 1289 *un-n·—

678 1451 985 1536 SCEPUSIEN.

537 1655 848 1710 orsransarroms
877 1657 1125 1712 uarnrnoun.

286 1855 347 1915 Dte
371 1857 415 1914 18
435 1858 554 1914 Martii
577 1855 677 1916 1893.

951 1956 1026 2007 Sese.
1047 1956 1082 2006 24
1101 1969 1161 2022 cap.
1184 1956 1198 2006 1
1219 1957 1257 2008 Dc
1277 1958 1330 2008 rel.
1351 1963 1434 2009 matr.

246 2091 505 2169 Gourannrun
534 2115 661 2170 rrcrr.
694 2093 853 2172 Carolus
882 2094 1006 2170 Ferho
1034 2094 1137 2172 faber
1155 2095 1429 2188 machinarius,
1451 2097 1507 2174 24

163 2233 284 2286 annos
312 2215 441 2306 natus,
472 2211 531 2288 die
559 2212 608 2289 21
639 2213 864 2290 Novembris
896 2213 1022 2308 1887,
1054 2214 1329 2292 matrimoniali
1359 2215 1508 2292 foedere

164 2331 393 2433 iungebatur
419 2333 567 2410 Mariae
593 2333 795 2428 Dulovics,
827 2359 921 2436 quae
950 2341 1042 2412 tunc
1069 2334 1119 2411 21
1151 2336 1290 2412 aetatis
1319 2361 1408 2412 suae
1438 2361 1507 2412 an-

163 2477 257 2528 num
285 2455 484 2556 attigerat.
517 2454 683 2556 Nuptiae
711 2453 919 2530 celebratae
943 2455 1101 2532 fuerunt
1128 2479 1255 2532 coram
1284 2455 1449 2559 parocho
1467 2461 1509 2533 et

163 2573 339 2668 testibus,
370 2579 524 2651 servata
546 2575 593 2650 in
621 2576 793 2651 omnibus
823 2599 855 2650 s.
879 2575 1041 2653 Concilii
1062 2575 1278 2652 Tridentini
1306 2575 1443 2670 forma,
1466 2577 1507 2654 in

163 2693 322 2772 ecclesia
348 2695 549 2800 paroeciali
579 2694 652 2772 loci
672 2695 903 2788 Schavnick,
927 2692 1031 2772 intra
1059 2698 1166 2772 cuius
1186 2696 1329 2773 limites
1350 2701 1508 2797 uterque

164 2839 325 2917 sponsus
352 2823 467 2892 natus
495 2813 622 2891 fuerat
653 2821 766 2917 atque
794 2840 838 2892 eo
865 2817 1050 2918 temporis
1078 2820 1396 2894 commorabatur.

244 2937 429 3012 Attamen
465 2935 636 3012 infausto
664 2937 785 3014 sidere
823 2935 1037 3013 huiusmodi
1066 2937 1292 3014 connubium
1327 2937 1511 3015 concilia-

164 3060 247 3132 tum
277 3055 394 3131 fuisse
422 3056 650 3158 subsequens
677 3056 910 3132 monstravit
937 3061 1114 3133 eventus.
1147 3057 1228 3134 Iam
1256 3059 1359 3134 eninr
1388 3057 1510 3159 apri-

163 3177 236 3254 mis
265 3177 502 3253 contubernii
530 3178 678 3270 diebus,
719 3177 942 3280 praesertim
970 3203 1018 3252 ex
1046 3183 1155 3280 parte
1191 3179 1362 3255 mulieris
1391 3177 1511 3280 frige-

164 3302 292 3374 scente
320 3321 470 3390 amore,
510 3297 719 3389 discordia,
751 3296 1037 3390 contentiones,
1078 3296 1203 3400 iurgia
1231 3297 1508 3399 neoconiugum

164 3417 378 3494 thalamum
406 3421 712 3518 occupaverunt3
744 3441 858 3518 coque
878 3416 1009 3491 uxoris
1037 3417 1200 3511 aversio,
1232 3417 1264 3492 si
1294 3417 1421 3492 virum
1442 3440 1511 3492 au-

163 3535 326 3628 diamus,
358 3559 558 3639 progressa
586 3537 675 3630 fuit,
707 3542 752 3613 ut
778 3535 998 3638 quandoque
1017 3539 1056 3610 et
1075 3535 1180 3612 illius
1201 3537 1285 3613 vita
1311 3537 1353 3614 in
1381 3541 1511 3611 extre-

163 3681 269 3732 mum
297 3656 501 3733 discrimen
529 3658 574 3733 ab
601 3683 646 3734 ea
675 3657 792 3734 suerit
811 3654 986 3732 adducta.
1019 3655 1119 3731 Hinc
1145 3661 1231 3759 post
1251 3658 1509 3759 interruptam

164 3777 327 3854 alicuius
363 3777 544 3881 temporis
582 3777 900 3855 cohabitationem
929 3775 1089 3854 Carolus
1117 3777 1242 3854 Ferko
1270 3779 1337 3854 die
1369 3776 1412 3854 ll
1446 3778 1512 3852 lu-

164 3895 208 3973 lii
240 3895 366 3991 1888,
397 3921 465 3974 ceu
493 3897 612 3974 refert
640 3897 898 4001 Scepusiensis
927 3897 1118 3990 AntisteS,
1159 3899 1356 4001 <supplex
1385 3897 1511 3974 factus

163 4021 223 4094 est
259 4017 347 4095 Sedi
388 4018 654 4096 Consistoriali
694 4019 961 4121 Scepusiensi,
1006 4044 1118 4096 orans
1161 4021 1301 4122 scripto
1342 4018 1511 4096 eiusdem

166 4137 393 4217 Cousistorii
423 4136 612 4215 auxilium
639 4147 679 4216 et
707 4139 951 4242 praesidium,
977 4163 1020 4215 eo
1048 4139 1145 4240 quod
1165 4163 1261 4216 uxor
1289 4165 1359 4215 sua
1386 4138 1513 4214 Maria

165 4283 233 4334 nec
261 4258 331 4334 sibi
359 4257 770 4361 pacificecolrabitare,
803 4283 871 4336 nec
900 4263 939 4336 et
958 4259 1108 4361 quidem
1136 4283 1180 4336 eo
1208 4260 1334 4336 minus
1358 4259 1399 4336 in
1428 4283 1510 4334 ma-

165 4379 337 4456 trimonii
365 4379 732 4457 consummationem
760 4381 975 4457 consentire
1002 4385 1041 4456 et
1070 4382 1153 4456 viro
1182 4381 1351 4457 debitum
1378 4381 1512 4458 coniu-

168 4497 252 4599 gale
280 4497 433 4579 reddere
451 4498 548 4576 velit
553 4557 634 4575 .....
667 4501 847 4578 Precibus
868 4499 995 4580 Caroli
1025 4500 1150 4576 Ferko
1172 4499 1409 4580 Consistorio
1428 4523 1512 4576 meo
