3672 5216
734 291 899 336 ernanum
922 292 955 335 n.
1339 303 1341 308 v
1459 273 1515 335 185

170 406 330 452 consensu
355 388 435 468 eius,
462 399 495 453 et
518 388 563 453 sic
589 405 759 454 remanere
789 407 864 455 cum
888 391 1031 456 secundo
1055 389 1170 454 marito
1198 409 1273 455 oum
1296 409 1360 474 quo
1386 389 1438 455 illa
1463 410 1514 455 su·

171 492 276 579 scepit
299 492 449 579 prolem?

262 601 341 665 Vlll.
368 601 462 688 Apud
489 589 644 686 quosdam
668 601 818 669 infideles
851 603 1051 670 detestabilis
1075 604 1163 691 viget
1193 604 1396 670 consuetudo
1429 603 1515 668 insta

173 723 270 789 quam
293 705 343 770 vir
366 719 440 793 post
464 708 673 774 commissum
697 710 895 777 adulterium
920 729 994 776 cum
1018 729 1120 776 uxore
1145 710 1290 794 alterius,
1316 708 1516 775 administrat

172 813 357 880 remedium
381 816 474 880 uxori
507 816 694 898 adulterae,
720 816 814 881 cuius
839 816 974 882 effectus
1000 817 1061 884 erit
1092 815 1212 883 inferre
1247 829 1386 884 mortem
1417 835 1516 902 super

174 919 358 1007 legitimum
383 922 534 987 maritum
559 941 598 987 eo
623 922 692 1008 ipso
709 923 796 1008 quod
818 934 929 1009 postea
947 923 1113 992 habiturus
1130 924 1175 1014 sit
1187 924 1425 990 connexionem
1442 940 1517 988 cum
1633 983 1634 988 ,

174 1045 277 1090 uxore
300 1047 369 1092 sua.
403 1028 496 1094 Unde
522 1028 707 1114 postulatur
737 1038 848 1095 utrum
874 1029 922 1095 vir
947 1029 1113 1116 legitimus
1140 1029 1197 1116 qui
1220 1029 1302 1096 nolit
1334 1027 1517 1094 cohabitare

172 1149 248 1196 cum
273 1151 376 1198 uxore
401 1153 456 1198 sua
480 1145 553 1220 post
578 1135 775 1201 adulterium
804 1137 1034 1218 commissum,
1059 1136 1085 1201 si
1110 1137 1311 1202 convertitur
1334 1135 1373 1201 ad
1397 1133 1515 1215 iidem,

173 1238 295 1322 poterit
319 1238 497 1325 dispensari
521 1261 537 1305 a
562 1242 691 1308 vinculo
720 1242 918 1309 matrimonii
943 1243 990 1308 sni
1019 1243 1171 1310 contracti
1198 1243 1237 1308 in·
1255 1240 1459 1322 infidelitate,
1485 1251 1518 1304 et

174 1347 296 1412 ducere
321 1347 453 1412 alteram
480 1368 630 1433 uxorem,
658 1349 782 1415 etiamsi
814 1349 953 1417 infidelis
984 1371 1068 1416 uxor
1091 1350 1238 1417 adultera
1269 1347 1371 1414 vellet
1395 1358 1426 1414 et
1452 1347 1518 1433 ipsa

174 1450 351 1538 baptizari?

263 1561 300 1624 lt.
329 1558 400 1624 Emi
424 1580 458 1624 ac
484 1561 558 1634 limi,
579 1565 635 1627 ΡΡ.
670 1563 709 1630 ad
733 1563 860 1649 singula
891 1563 1049 1650 postulata
1082 1563 1329 1649 responderunt
1356 1562 1444 1626 irrata
1467 1579 1518 1626 se·

175 1675 333 1748 quentem
356 1663 503 1746 modum,
530 1666 619 1732 hisce
636 1678 743 1733 tamen
768 1668 984 1753 praenotatis:
1011 1671 1141 1735 Primo:
1167 1667 1390 1753 suprascripta
1408 1674 1519 1752 postu·

176 1771 237 1836 lata
262 1771 400 1858 intelligi
426 1771 468 1838 de
495 1773 669 1859 privilegio
693 1796 707 1838 a
733 1777 860 1841 Christo
876 1775 1010 1840 Domino
1036 1775 1068 1840 in
1092 1775 1235 1840 favorem
1256 1775 1333 1840 fidei
1350 1791 1516 1854 concesso,
1576 1855 1578 1862 γ

176 1885 208 1941 et
231 1893 291 1960 per
315 1877 507 1962 Apostolum
531 1878 665 1945 Paulum
693 1885 707 1946 l
734 1880 773 1947 ad
798 1880 944 1946 Corinth.
972 1884 1026 1948 vll
1054 1885 1092 1947 l?
1109 1900 1202 1965 seqq.
1218 1879 1436 1964 promulgato.
1465 1879 1516 1942 Se-

176 1985 299 2048 cundo:
324 1987 389 2049 lloc
414 1985 626 2072 privilegium
651 1985 798 2052 divinum
822 1989 854 2053 in
878 2007 917 2052 eo
941 1989 1132 2068 consistere,
1158 1987 1245 2072 quod
1269 1997 1374 2051 stante
1407 1984 1514 2050 matri-

175 2091 285 2155 monio
311 2090 458 2178 legitime
485 2092 516 2158 in
540 2092 733 2163 infidelitate
765 2103 942 2177 contracto,
969 2106 1001 2159 et
1026 2104 1263 2176 consummato,
1288 2091 1315 2157 si
1340 2092 1517 2176 coniugum

174 2200 258 2265 alter
282 2198 487 2263 christianam
514 2199 613 2264 fidem
637 2199 857 2286 amplectitur,
878 2211 1037 2266 renuente
1061 2202 1164 2265 altero
1190 2201 1220 2265 in
1246 2220 1300 2265 sua
1326 2198 1518 2264 infidelitate

174 2306 332 2373 obdurato
358 2303 539 2370 cohabitare
565 2325 638 2371 cum
667 2295 837 2389 converso,
863 2318 917 2372 ant
941 2306 1125 2373 cohabitare
1145 2307 1278 2392 quidem
1297 2305 1442 2385 volente,
1460 2304 1518 2371 sed

174 2431 239 2477 non
263 2411 332 2476 sine
358 2411 557 2478 contumelia
581 2412 754 2494 creatoris,
781 2413 842 2478 hoc
871 2424 920 2477 est
945 2409 1008 2477 non
1033 2411 1102 2476 sine
1126 2410 1272 2496 periculo
1301 2408 1520 2476 subversionis

174 2517 323 2601 coniugis
346 2515 464 2600 fidelis,
485 2518 536 2581 vel
561 2537 627 2582 non
647 2518 716 2583 sine
734 2517 937 2583 execratione
963 2517 1052 2583 ssni
1076 2516 1218 2584 Nominis
1236 2514 1367 2599 Christi,
1385 2527 1417 2580 ct
1435 2515 1519 2581 chri·
1575 2599 1578 2605 Ι

173 2625 295 2690 stianae
322 2623 489 2710 religionis
514 2623 741 2709 despicientia:
768 2635 844 2689 tunc
878 2626 1042 2709 integrum
1072 2623 1107 2688 fit
1132 2641 1290 2688 converso
1322 2621 1457 2688 transire
1482 2622 1521 2689 ad

172 2733 232 2798 alia
259 2743 343 2814 vota,
368 2742 538 2818 postquam
563 2731 704 2796 infidelis
730 2730 968 2818 interpellatus,
994 2742 1048 2796 aut
1064 2723 1429 2796 absolute'recusaverit
1445 2747 1519 2795 cum

172 2857 212 2902 eo
237 2836 435 2919 cohabitare,
461 2848 522 2902 aut
539 2837 682 2902 animum
706 2836 765 2902 sibi
790 2857 861 2902 esse
887 2835 1069 2901 ostenderit
1093 2855 1168 2901 cum
1192 2836 1247 2900 illo
1272 2835 1407 2920 quidem
1424 2834 1518 2900 coha-
1564 2831 1568 2842 '

173 2945 309 3027 bitandi,
336 2943 393 3009 sed
419 2963 481 3009 non
505 2943 574 3010 siue
592 2944 751 3010 Creatoris
769 2943 978 3009 contumelia.
1010 2945 1135 3009 Tertio:
1161 2946 1252 3007 luvta
1270 2941 1356 3008 idem
1375 2941 1520 3008 divinum

175 3048 386 3136 privilegium
410 3049 585 3135 coniugem
604 3069 799 3115 conversum
824 3049 861 3116 ad
887 3048 1000 3131 fidem,
1020 3049 1138 3136 inipso
1163 3047 1380 3114 conversionis
1396 3057 1518 3133 puncto

175 3176 243 3223 non
267 3155 406 3241 intelligi
432 3157 574 3221 solutum
600 3177 615 3219 a
640 3155 770 3221 vinculo
802 3155 998 3221 matrimonii
1027 3175 1101 3221 cum
1126 3153 1249 3220 infideli
1275 3155 1379 3221 adhuc
1407 3171 1521 3238 super-

175 3263 251 3328 stite
278 3263 447 3344 contracti,
472 3262 530 3327 sed
555 3273 646 3344 tunc,
671 3261 696 3326 si
722 3261 840 3327 conius
865 3262 1005 3328 infidelis
1023 3273 1147 3346 renuat,
1165 3261 1333 3346 acquirere
1349 3261 1398 3326 ius
1421 3272 1521 3325 trans-

176 3370 277 3438 eundi
300 3370 340 3437 ad
363 3369 439 3434 alias
463 3369 591 3456 nuptias
615 3388 689 3434 cum
713 3379 820 3433 tamen
849 3369 988 3453 coniuge
1013 3368 1113 3435 fideli.
1141 3372 1294 3434 Ceterum
1321 3378 1397 3434 tunc
1414 3367 1520 3432 solum

175 3475 318 3562 coniugii
342 3477 510 3541 vinculum
535 3475 667 3541 dissolvi
692 3477 818 3560 quando
837 3475 956 3541 coniux
981 3494 1156 3541 conversus
1174 3474 1286 3539 transit
1310 3492 1385 3539 cnm
1402 3473 1521 3538 ellectu

175 3585 213 3650 ad
232 3585 317 3648 alias
339 3582 481 3667 nuptias.
507 3583 607 3649 llinc:

266 3691 313 3756 hd
338 3691 361 3753 l.
389 3687 421 3755 Si
450 3690 580 3772 quando
605 3690 753 3756 evenerit
780 3701 828 3772 ut,
854 3697 958 3754 stante
982 3689 1123 3755 duorum
1148 3686 1329 3752 infidelium
1353 3686 1518 3752 matrimo-

176 3798 242 3880 nio,
269 3799 350 3862 alter
374 3795 547 3882 coniugum
573 3796 612 3862 ad
642 3795 741 3862 fidem
771 3815 947 3862 conversus
978 3795 1173 3881 baptismum
1204 3793 1396 3880 susceperit,
1423 3804 1521 3877 atque

177 3921 252 3969 cum
278 3902 401 3968 inlideli
423 3902 561 3988 coniuge
578 3903 725 3989 pacifice,
742 3915 774 3968 et
799 3903 869 3968 sine
882 3903 1080 3969 contumelia
1097 3901 1256 3969 creatoris
1274 3899 1519 3983 cohabitaverit,

177 4008 203 4073 si
225 4011 436 4097 postmodum
462 4008 602 4074 inlidelis
628 4009 719 4097 (quin
744 4021 851 4075 tamen
867 4029 940 4096 pars
958 4009 1065 4074 fidelis
1083 4006 1273 4073 rationabile
1291 4007 1449 4072 motivum
1466 4005 1522 4071 de·
1606 4043 1607 4048 κ

178 4117 263 4183 derit
287 4116 483 4203 discedenti)
509 4136 550 4182 ne
574 4117 653 4182 dum
677 4117 822 4183 converti
848 4116 1060 4200 recusaverit,
1087 4115 1144 4181 sed
1170 4115 1315 4202 iusuper,
1336 4114 1432 4179 lracta
1459 4110 1522 4177 lide

178 4225 219 4290 de
242 4222 374 4311 pacifica
400 4222 649 4307 cohabitatione,
677 4235 731 4287 aut
755 4221 831 4287 odio
857 4222 1023 4308 religionis
1051 4222 1249 4304 discesserit,
1275 4230 1330 4285 aut
1352 4219 1422 4284 sine
1447 4237 1523 4284 con·

179 4333 312 4402 tumelia
336 4329 497 4399 creatoris
532 4330 717 4397 cohabitare
753 4329 909 4412 noluerit,
936 4331 989 4395 vel
1021 4329 1154 4396 lidelem
1178 4329 1216 4395 ad
1240 4338 1410 4412 peccatum
1438 4344 1522 4391 mor-

179 4442 255 4524 tale,
280 4450 336 4506 aut
360 4437 398 4503 ad
424 4435 651 4503 infidelitatem
668 4435 797 4502 trahere
814 4437 1002 4518 tentaverit,
1022 4435 1187 4523 integrum
1207 4434 1268 4498 erit
1285 4431 1415 4518 coniugi
1432 4431 1522 4497 lideli

178 4551 214 4614 ad
239 4548 300 4614 alia
326 4555 400 4610 vota
425 4542 575 4610 transire.
