<?xml version="1.0" encoding="UTF-8"?>
<!DOCTYPE html PUBLIC "-//W3C//DTD XHTML 1.0 Transitional//EN"
    "http://www.w3.org/TR/xhtml1/DTD/xhtml1-transitional.dtd">
<html xmlns="http://www.w3.org/1999/xhtml" xml:lang="en" lang="en">
 <head>
  <title>
</title>
<meta http-equiv="Content-Type" content="text/html;charset=utf-8" />
  <meta name='ocr-system' content='tesseract 3.04.00' />
  <meta name='ocr-capabilities' content='ocr_page ocr_carea ocr_par ocr_line ocrx_word'/>
</head>
<body>
  <div class='ocr_page' id='page_1' title='image "actasanctaesedi01popegoog_0125.png"; bbox 0 0 3650 5242; ppageno 0'>
   <div class='ocr_carea' id='block_1_1' title="bbox 287 236 1740 1792">
    <p class='ocr_par' dir='ltr' id='par_1_1' title="bbox 337 236 1740 1186">
     <span class='ocr_line' id='line_1_1' title="bbox 341 236 1296 301; baseline 0.001 -2"><span class='ocrx_word' id='word_1_1' title='bbox 341 236 399 299; x_wconf 80' lang='lat'>118</span> <span class='ocrx_word' id='word_1_2' title='bbox 722 254 905 300; x_wconf 73' lang='lat' dir='ltr'>rannerus.</span> <span class='ocrx_word' id='word_1_3' title='bbox 930 255 969 300; x_wconf 84' lang='lat' dir='ltr'>m</span> <span class='ocrx_word' id='word_1_4' title='bbox 993 255 1123 301; x_wconf 73' lang='lat' dir='ltr'>carnis</span> <span class='ocrx_word' id='word_1_5' title='bbox 1144 255 1296 300; x_wconf 71' lang='lat' dir='ltr'>nmmum</span> 
     </span>
     <span class='ocr_line' id='line_1_2' title="bbox 337 354 1740 460; baseline 0 -30"><span class='ocrx_word' id='word_1_6' title='bbox 337 354 578 460; x_wconf 73' lang='lat' dir='ltr'><em>Episcopum</em></span> <span class='ocrx_word' id='word_1_7' title='bbox 608 359 859 433; x_wconf 71' lang='lat' dir='ltr'>mnata-acu</span> <span class='ocrx_word' id='word_1_8' title='bbox 889 358 1060 446; x_wconf 74' lang='lat' dir='ltr'>(ludorum,</span> <span class='ocrx_word' id='word_1_9' title='bbox 1095 361 1244 458; x_wconf 75' lang='lat' dir='ltr'>qriolz&#39;cs·</span> <span class='ocrx_word' id='word_1_10' title='bbox 1277 357 1495 460; x_wconf 68' lang='lat' dir='ltr'>It&#39;pu&#39;sropus</span> <span class='ocrx_word' id='word_1_11' title='bbox 1514 356 1688 432; x_wconf 68' lang='lat' dir='ltr'>,l&#39;cucuc-</span> <span class='ocrx_word' id='word_1_12' title='bbox 1736 374 1740 382; x_wconf 88' lang='lat'>&#39;</span> 
     </span>
     <span class='ocr_line' id='line_1_3' title="bbox 340 475 1682 582; baseline 0.001 -32"><span class='ocrx_word' id='word_1_13' title='bbox 340 484 458 551; x_wconf 77' lang='lat' dir='ltr'>trusis</span> <span class='ocrx_word' id='word_1_14' title='bbox 490 477 756 553; x_wconf 79' lang='lat' dir='ltr'>omliuuu&#39;oucs</span> <span class='ocrx_word' id='word_1_15' title='bbox 784 479 936 576; x_wconf 78' lang='lat' dir='ltr'>laudem.</span> <span class='ocrx_word' id='word_1_16' title='bbox 969 477 1027 554; x_wconf 88' lang='lat' dir='ltr'>Ad</span> <span class='ocrx_word' id='word_1_17' title='bbox 1056 477 1107 554; x_wconf 93' lang='lat' dir='ltr'>ll.</span> <span class='ocrx_word' id='word_1_18' title='bbox 1140 479 1353 553; x_wconf 82' lang='lat' dir='ltr'>Prom&#39;sum</span> <span class='ocrx_word' id='word_1_19' title='bbox 1375 485 1415 552; x_wconf 77' lang='lat' dir='ltr'>iu</span> <span class='ocrx_word' id='word_1_20' title='bbox 1437 485 1572 582; x_wconf 65' lang='lat' dir='ltr'>primo</span> <span class='ocrx_word' id='word_1_21' title='bbox 1602 475 1682 578; x_wconf 84' lang='lat' dir='ltr'>(l)</span> 
     </span>
     <span class='ocr_line' id='line_1_4' title="bbox 350 597 1681 704; baseline -0.002 -29"><span class='ocrx_word' id='word_1_22' title='bbox 350 643 355 654; x_wconf 92' lang='lat'><em>·</em></span> <span class='ocrx_word' id='word_1_23' title='bbox 419 599 481 677; x_wconf 77' lang='lat' dir='ltr'>ux</span> <span class='ocrx_word' id='word_1_24' title='bbox 505 624 641 685; x_wconf 79' lang='lat' dir='ltr'>eureus</span> <span class='ocrx_word' id='word_1_25' title='bbox 664 624 857 676; x_wconf 79' lang='lat' dir='ltr'>comicas:</span> <span class='ocrx_word' id='word_1_26' title='bbox 873 599 913 704; x_wconf 93' lang='grc' dir='ltr'>ΙΙ.</span> <span class='ocrx_word' id='word_1_27' title='bbox 938 599 1000 676; x_wconf 83' lang='lat' dir='ltr'>Ex</span> <span class='ocrx_word' id='word_1_28' title='bbox 1020 601 1101 675; x_wconf 92' lang='lat' dir='ltr'>iure</span> <span class='ocrx_word' id='word_1_29' title='bbox 1121 599 1323 700; x_wconf 86' lang='lat' dir='ltr'>unicuique</span> <span class='ocrx_word' id='word_1_30' title='bbox 1347 598 1533 702; x_wconf 82' lang='lat' dir='ltr'>Episcopo</span> <span class='ocrx_word' id='word_1_31' title='bbox 1551 597 1681 674; x_wconf 89' lang='lat' dir='ltr'>datam</span> 
     </span>
     <span class='ocr_line' id='line_1_5' title="bbox 338 718 1697 822; baseline -0.001 -27"><span class='ocrx_word' id='word_1_32' title='bbox 338 743 434 812; x_wconf 88' lang='lat' dir='ltr'>csse,</span> <span class='ocrx_word' id='word_1_33' title='bbox 466 745 541 796; x_wconf 93' lang='lat' dir='ltr'>non</span> <span class='ocrx_word' id='word_1_34' title='bbox 570 721 791 822; x_wconf 89' lang='lat' dir='ltr'>ubicumque</span> <span class='ocrx_word' id='word_1_35' title='bbox 820 719 883 796; x_wconf 92' lang='lat' dir='ltr'>sed</span> <span class='ocrx_word' id='word_1_36' title='bbox 903 723 1054 796; x_wconf 80' lang='lat' dir='ltr'>tantum</span> <span class='ocrx_word' id='word_1_37' title='bbox 1075 720 1180 796; x_wconf 91' lang='lat' dir='ltr'>intra</span> <span class='ocrx_word' id='word_1_38' title='bbox 1199 719 1341 795; x_wconf 88' lang='lat' dir='ltr'>limites</span> <span class='ocrx_word' id='word_1_39' title='bbox 1361 745 1450 795; x_wconf 89' lang='lat' dir='ltr'>suae</span> <span class='ocrx_word' id='word_1_40' title='bbox 1472 718 1697 815; x_wconf 53' lang='lat' dir='ltr'>DioeoesiS,</span> 
     </span>
     <span class='ocr_line' id='line_1_6' title="bbox 338 837 1682 943; baseline 0 -29"><span class='ocrx_word' id='word_1_41' title='bbox 338 843 567 941; x_wconf 86' lang='lat' dir='ltr'>potestatem</span> <span class='ocrx_word' id='word_1_42' title='bbox 596 841 870 940; x_wconf 82' lang='lat' dir='ltr'>iurisdictionis</span> <span class='ocrx_word' id='word_1_43' title='bbox 898 842 937 916; x_wconf 74' lang='lat' dir='ltr'>a</span> <span class='ocrx_word' id='word_1_44' title='bbox 966 839 1190 918; x_wconf 74' lang='lat' dir='ltr'><strong>facultatem</strong></span> <span class='ocrx_word' id='word_1_45' title='bbox 1227 841 1472 943; x_wconf 86' lang='lat' dir='ltr'>promovendi</span> <span class='ocrx_word' id='word_1_46' title='bbox 1505 838 1550 916; x_wconf 90' lang='lat' dir='ltr'>ad</span> <span class='ocrx_word' id='word_1_47' title='bbox 1580 837 1682 915; x_wconf 93' lang='lat' dir='ltr'>ordi-</span> 
     </span>
     <span class='ocr_line' id='line_1_7' title="bbox 338 959 1683 1064; baseline 0 -29"><span class='ocrx_word' id='word_1_48' title='bbox 338 985 405 1035; x_wconf 91' lang='lat' dir='ltr'>nes</span> <span class='ocrx_word' id='word_1_49' title='bbox 434 985 560 1038; x_wconf 86' lang='lat' dir='ltr'>sacros</span> <span class='ocrx_word' id='word_1_50' title='bbox 589 961 756 1038; x_wconf 88' lang='lat' dir='ltr'>subditos</span> <span class='ocrx_word' id='word_1_51' title='bbox 785 962 970 1064; x_wconf 77' lang='lat' dir='ltr'>proprim,</span> <span class='ocrx_word' id='word_1_52' title='bbox 987 960 1156 1062; x_wconf 89' lang='lat' dir='ltr'>aliosque</span> <span class='ocrx_word' id='word_1_53' title='bbox 1186 960 1328 1038; x_wconf 89' lang='lat' dir='ltr'>litteris</span> <span class='ocrx_word' id='word_1_54' title='bbox 1356 960 1580 1036; x_wconf 80' lang='lat' dir='ltr'>dimissoriis</span> <span class='ocrx_word' id='word_1_55' title='bbox 1608 959 1683 1037; x_wconf 90' lang='lat' dir='ltr'>Or-</span> 
     </span>
     <span class='ocr_line' id='line_1_8' title="bbox 337 1083 908 1186; baseline 0 -28"><span class='ocrx_word' id='word_1_56' title='bbox 337 1083 477 1160; x_wconf 90' lang='lat' dir='ltr'>dinarii</span> <span class='ocrx_word' id='word_1_57' title='bbox 506 1085 565 1159; x_wconf 88' lang='lat' dir='ltr'>sui</span> <span class='ocrx_word' id='word_1_58' title='bbox 594 1083 798 1186; x_wconf 89' lang='lat' dir='ltr'>praeditos.</span> <span class='ocrx_word' id='word_1_59' title='bbox 905 1165 908 1171; x_wconf 57' lang='grc'><strong>,</strong></span> 
     </span>
    </p>

    <p class='ocr_par' dir='ltr' id='par_1_2' title="bbox 417 1201 1686 1304">
     <span class='ocr_line' id='line_1_9' title="bbox 417 1201 1686 1304; baseline -0.002 -26"><span class='ocrx_word' id='word_1_60' title='bbox 417 1204 470 1278; x_wconf 89' lang='grc' dir='ltr'>ΙΙ.</span> <span class='ocrx_word' id='word_1_61' title='bbox 503 1205 587 1294; x_wconf 84' lang='lat' dir='ltr'>Qua</span> <span class='ocrx_word' id='word_1_62' title='bbox 615 1205 659 1280; x_wconf 90' lang='lat' dir='ltr'>de</span> <span class='ocrx_word' id='word_1_63' title='bbox 687 1230 728 1280; x_wconf 92' lang='lat' dir='ltr'>re</span> <span class='ocrx_word' id='word_1_64' title='bbox 757 1203 1083 1296; x_wconf 77' lang='lat' dir='ltr'>consuetudinem,</span> <span class='ocrx_word' id='word_1_65' title='bbox 1107 1227 1201 1304; x_wconf 89' lang='lat' dir='ltr'>quae</span> <span class='ocrx_word' id='word_1_66' title='bbox 1229 1203 1327 1278; x_wconf 77' lang='lat' dir='ltr'>lianc</span> <span class='ocrx_word' id='word_1_67' title='bbox 1355 1201 1543 1304; x_wconf 82' lang='lat' dir='ltr'>duplicem</span> <span class='ocrx_word' id='word_1_68' title='bbox 1574 1205 1686 1302; x_wconf 88' lang='lat' dir='ltr'>pote-</span> 
     </span>
    </p>

    <p class='ocr_par' dir='ltr' id='par_1_3' title="bbox 287 1321 1683 1426">
     <span class='ocr_line' id='line_1_10' title="bbox 287 1321 1683 1426; baseline -0.006 -23"><span class='ocrx_word' id='word_1_69' title='bbox 287 1416 289 1418; x_wconf 35' lang='lat'><em>,</em></span> <span class='ocrx_word' id='word_1_70' title='bbox 338 1331 477 1403; x_wconf 86' lang='lat' dir='ltr'>statem</span> <span class='ocrx_word' id='word_1_71' title='bbox 517 1326 805 1404; x_wconf 89' lang='lat' dir='ltr'>Ordinariorum</span> <span class='ocrx_word' id='word_1_72' title='bbox 848 1325 1054 1417; x_wconf 76' lang='lat' dir='ltr'>limitaret,</span> <span class='ocrx_word' id='word_1_73' title='bbox 1086 1323 1239 1400; x_wconf 92' lang='lat' dir='ltr'>omnino</span> <span class='ocrx_word' id='word_1_74' title='bbox 1268 1322 1384 1399; x_wconf 84' lang='lat' dir='ltr'>fuisse</span> <span class='ocrx_word' id='word_1_75' title='bbox 1413 1321 1683 1426; x_wconf 86' lang='lat' dir='ltr'>respuendam,</span> 
     </span>
    </p>

    <p class='ocr_par' dir='ltr' id='par_1_4' title="bbox 336 1445 1168 1550">
     <span class='ocr_line' id='line_1_11' title="bbox 336 1445 1168 1550; baseline 0.001 -28"><span class='ocrx_word' id='word_1_76' title='bbox 336 1451 469 1550; x_wconf 85' lang='lat' dir='ltr'>utpote</span> <span class='ocrx_word' id='word_1_77' title='bbox 497 1449 639 1525; x_wconf 82' lang='lat' dir='ltr'>iunium</span> <span class='ocrx_word' id='word_1_78' title='bbox 667 1446 942 1550; x_wconf 81' lang='lat' dir='ltr'>Episcoporum</span> <span class='ocrx_word' id='word_1_79' title='bbox 971 1445 1168 1524; x_wconf 88' lang='lat' dir='ltr'>laesivam.</span> 
     </span>
    </p>

    <p class='ocr_par' dir='ltr' id='par_1_5' title="bbox 336 1563 1685 1792">
     <span class='ocr_line' id='line_1_12' title="bbox 416 1563 1684 1668; baseline -0.007 -23"><span class='ocrx_word' id='word_1_80' title='bbox 416 1569 487 1645; x_wconf 88' lang='lat' dir='ltr'>Ill.</span> <span class='ocrx_word' id='word_1_81' title='bbox 520 1569 619 1645; x_wconf 93' lang='lat' dir='ltr'>Hinc</span> <span class='ocrx_word' id='word_1_82' title='bbox 648 1569 688 1644; x_wconf 92' lang='lat' dir='ltr'>in</span> <span class='ocrx_word' id='word_1_83' title='bbox 716 1568 885 1643; x_wconf 88' lang='lat' dir='ltr'>themate</span> <span class='ocrx_word' id='word_1_84' title='bbox 913 1591 1006 1668; x_wconf 88' lang='lat' dir='ltr'>opus</span> <span class='ocrx_word' id='word_1_85' title='bbox 1035 1567 1168 1659; x_wconf 87' lang='lat' dir='ltr'>fuisse,</span> <span class='ocrx_word' id='word_1_86' title='bbox 1205 1569 1247 1640; x_wconf 89' lang='lat' dir='ltr'>ut</span> <span class='ocrx_word' id='word_1_87' title='bbox 1276 1565 1406 1667; x_wconf 86' lang='lat' dir='ltr'>praxis</span> <span class='ocrx_word' id='word_1_88' title='bbox 1435 1563 1571 1640; x_wconf 90' lang='lat' dir='ltr'>inolita</span> <span class='ocrx_word' id='word_1_89' title='bbox 1599 1587 1684 1638; x_wconf 88' lang='lat' dir='ltr'>ma-</span> 
     </span>
     <span class='ocr_line' id='line_1_13' title="bbox 336 1683 1685 1792; baseline -0.007 -26"><span class='ocrx_word' id='word_1_90' title='bbox 336 1690 514 1766; x_wconf 89' lang='lat' dir='ltr'>nuteneri</span> <span class='ocrx_word' id='word_1_91' title='bbox 543 1693 689 1792; x_wconf 82' lang='lat' dir='ltr'>posset,</span> <span class='ocrx_word' id='word_1_92' title='bbox 722 1687 895 1764; x_wconf 76' lang='lat' dir='ltr'>accedere</span> <span class='ocrx_word' id='word_1_93' title='bbox 934 1687 1181 1791; x_wconf 88' lang='lat' dir='ltr'>apostolicum</span> <span class='ocrx_word' id='word_1_94' title='bbox 1211 1683 1502 1788; x_wconf 88' lang='lat' dir='ltr'>beneplacitum,</span> <span class='ocrx_word' id='word_1_95' title='bbox 1533 1707 1607 1783; x_wconf 92' lang='lat' dir='ltr'>quo</span> <span class='ocrx_word' id='word_1_96' title='bbox 1635 1708 1685 1757; x_wconf 88' lang='lat' dir='ltr'>ea</span> 
     </span>
    </p>
   </div>
   <div class='ocr_carea' id='block_1_2' title="bbox 335 1807 1061 1911">
    <p class='ocr_par' dir='ltr' id='par_1_6' title="bbox 335 1807 1061 1911">
     <span class='ocr_line' id='line_1_14' title="bbox 335 1807 1061 1911; baseline -0.007 -25"><span class='ocrx_word' id='word_1_97' title='bbox 335 1811 639 1904; x_wconf 84' lang='lat' dir='ltr'>confirmaretur,</span> <span class='ocrx_word' id='word_1_98' title='bbox 671 1814 710 1885; x_wconf 91' lang='lat' dir='ltr'>et</span> <span class='ocrx_word' id='word_1_99' title='bbox 739 1808 911 1911; x_wconf 92' lang='lat' dir='ltr'>legitima</span> <span class='ocrx_word' id='word_1_100' title='bbox 940 1807 1061 1882; x_wconf 89' lang='lat' dir='ltr'>fieret.</span> 
     </span>
    </p>
   </div>
   <div class='ocr_carea' id='block_1_3' title="bbox 744 1995 1277 2240">
    <p class='ocr_par' dir='ltr' id='par_1_7' title="bbox 744 1995 1277 2240">
     <span class='ocr_line' id='line_1_15' title="bbox 744 1995 1277 2052; baseline 0 -12"><span class='ocrx_word' id='word_1_101' title='bbox 744 1995 1277 2052; x_wconf 45' lang='lat' dir='ltr'><em>W</em></span> 
     </span>
     <span class='ocr_line' id='line_1_16' title="bbox 829 2160 1188 2240; baseline -0.006 -2"><span class='ocrx_word' id='word_1_102' title='bbox 829 2160 1188 2240; x_wconf 75' lang='lat' dir='ltr'><strong>ALBINGANEN.</strong></span> 
     </span>
    </p>
   </div>
   <div class='ocr_carea' id='block_1_4' title="bbox 716 2355 1292 2410">
    <p class='ocr_par' dir='ltr' id='par_1_8' title="bbox 716 2355 1292 2410">
     <span class='ocr_line' id='line_1_17' title="bbox 716 2355 1292 2410; baseline -0.003 0"><span class='ocrx_word' id='word_1_103' title='bbox 716 2355 1025 2410; x_wconf 76' lang='lat' dir='ltr'>collanTnTIole</span> <span class='ocrx_word' id='word_1_104' title='bbox 1053 2356 1292 2409; x_wconf 79' lang='lat' dir='ltr'><strong>VOLUN&#39;I&#39;ATIS</strong></span> 
     </span>
    </p>
   </div>
   <div class='ocr_carea' id='block_1_5' title="bbox 239 2542 1687 4443">
    <p class='ocr_par' dir='ltr' id='par_1_9' title="bbox 239 2542 1687 4443">
     <span class='ocr_line' id='line_1_18' title="bbox 498 2542 1519 2626; baseline 0 -24"><span class='ocrx_word' id='word_1_105' title='bbox 498 2545 557 2604; x_wconf 83' lang='lat' dir='ltr'>me</span> <span class='ocrx_word' id='word_1_106' title='bbox 575 2546 626 2623; x_wconf 51' lang='lat'>¹15</span> <span class='ocrx_word' id='word_1_107' title='bbox 648 2547 735 2604; x_wconf 63' lang='lat' dir='ltr'>[talu</span> <span class='ocrx_word' id='word_1_108' title='bbox 760 2542 858 2602; x_wconf 78' lang='lat'><strong><em>1893.</em></strong></span> <span class='ocrx_word' id='word_1_109' title='bbox 1517 2621 1519 2626; x_wconf 23' lang='grc' dir='ltr'>Ι</span> 
     </span>
     <span class='ocr_line' id='line_1_19' title="bbox 1262 2639 1611 2695; baseline -0.003 -10"><span class='ocrx_word' id='word_1_110' title='bbox 1262 2639 1312 2685; x_wconf 81' lang='lat' dir='ltr'>Per</span> <span class='ocrx_word' id='word_1_111' title='bbox 1331 2639 1477 2684; x_wconf 74' lang='lat' dir='ltr'>nummaria</span> <span class='ocrx_word' id='word_1_112' title='bbox 1493 2649 1611 2695; x_wconf 83' lang='lat' dir='ltr'>precum.</span> 
     </span>
     <span class='ocr_line' id='line_1_20' title="bbox 335 2770 1682 2875; baseline -0.002 -26"><span class='ocrx_word' id='word_1_113' title='bbox 335 2807 338 2812; x_wconf 95' lang='lat'>·</span> <span class='ocrx_word' id='word_1_114' title='bbox 415 2771 676 2849; x_wconf 83' lang='lat' dir='ltr'>Gournumun</span> <span class='ocrx_word' id='word_1_115' title='bbox 705 2794 832 2846; x_wconf 78' lang='lat' dir='ltr'><strong>FACTI.</strong></span> <span class='ocrx_word' id='word_1_116' title='bbox 865 2770 1076 2875; x_wconf 83' lang='lat' dir='ltr'>Episcopus</span> <span class='ocrx_word' id='word_1_117' title='bbox 1110 2771 1406 2872; x_wconf 87' lang='lat' dir='ltr'>Albinganensis</span> <span class='ocrx_word' id='word_1_118' title='bbox 1443 2771 1518 2846; x_wconf 94' lang='lat' dir='ltr'>iam</span> <span class='ocrx_word' id='word_1_119' title='bbox 1548 2795 1682 2846; x_wconf 87' lang='lat' dir='ltr'>mense</span> 
     </span>
     <span class='ocr_line' id='line_1_21' title="bbox 333 2889 1680 2992; baseline 0 -26"><span class='ocrx_word' id='word_1_120' title='bbox 333 2891 467 2967; x_wconf 87' lang='lat' dir='ltr'>Martii</span> <span class='ocrx_word' id='word_1_121' title='bbox 496 2892 609 2968; x_wconf 87' lang='lat' dir='ltr'>huius</span> <span class='ocrx_word' id='word_1_122' title='bbox 637 2891 728 2966; x_wconf 91' lang='lat' dir='ltr'>anni</span> <span class='ocrx_word' id='word_1_123' title='bbox 758 2889 1007 2967; x_wconf 86' lang='lat' dir='ltr'>Sanctissimo</span> <span class='ocrx_word' id='word_1_124' title='bbox 1035 2892 1161 2982; x_wconf 89' lang='lat' dir='ltr'>Patri,</span> <span class='ocrx_word' id='word_1_125' title='bbox 1193 2916 1303 2992; x_wconf 92' lang='lat' dir='ltr'>quem</span> <span class='ocrx_word' id='word_1_126' title='bbox 1332 2892 1433 2969; x_wconf 90' lang='lat' dir='ltr'>Deus</span> <span class='ocrx_word' id='word_1_127' title='bbox 1461 2891 1680 2967; x_wconf 82' lang='lat' dir='ltr'>diutissime</span> 
     </span>
     <span class='ocr_line' id='line_1_22' title="bbox 333 3011 1675 3116; baseline -0.001 -28"><span class='ocrx_word' id='word_1_128' title='bbox 333 3013 508 3115; x_wconf 84' lang='lat' dir='ltr'>sospitet,</span> <span class='ocrx_word' id='word_1_129' title='bbox 541 3011 739 3088; x_wconf 87' lang='lat' dir='ltr'>humiliter</span> <span class='ocrx_word' id='word_1_130' title='bbox 756 3014 989 3116; x_wconf 81' lang='lat' dir='ltr'>exponebat:</span> <span class='ocrx_word' id='word_1_131' title='bbox 1022 3013 1394 3088; x_wconf 84' lang='lat' dir='ltr'>administrationem</span> <span class='ocrx_word' id='word_1_132' title='bbox 1415 3011 1675 3106; x_wconf 83' lang='lat' dir='ltr'>Cathedralis,</span> 
     </span>
     <span class='ocr_line' id='line_1_23' title="bbox 332 3131 1683 3236; baseline -0.001 -27"><span class='ocrx_word' id='word_1_133' title='bbox 332 3135 393 3210; x_wconf 86' lang='lat' dir='ltr'>cui</span> <span class='ocrx_word' id='word_1_134' title='bbox 423 3140 573 3236; x_wconf 88' lang='lat' dir='ltr'>praeest</span> <span class='ocrx_word' id='word_1_135' title='bbox 600 3131 754 3224; x_wconf 87' lang='lat' dir='ltr'>Orator,</span> <span class='ocrx_word' id='word_1_136' title='bbox 785 3158 871 3208; x_wconf 86' lang='lat' dir='ltr'>aere</span> <span class='ocrx_word' id='word_1_137' title='bbox 900 3133 1025 3210; x_wconf 89' lang='lat' dir='ltr'>alieno</span> <span class='ocrx_word' id='word_1_138' title='bbox 1053 3133 1163 3209; x_wconf 92' lang='lat' dir='ltr'>valde</span> <span class='ocrx_word' id='word_1_139' title='bbox 1191 3133 1349 3226; x_wconf 90' lang='lat' dir='ltr'>oberari,</span> <span class='ocrx_word' id='word_1_140' title='bbox 1382 3133 1683 3209; x_wconf 82' lang='lat' dir='ltr'>instaurationis</span> 
     </span>
     <span class='ocr_line' id='line_1_24' title="bbox 331 3252 1681 3357; baseline 0 -27"><span class='ocrx_word' id='word_1_141' title='bbox 331 3259 460 3347; x_wconf 72' lang='lat' dir='ltr'>causat,</span> <span class='ocrx_word' id='word_1_142' title='bbox 493 3260 577 3357; x_wconf 89' lang='lat' dir='ltr'>post</span> <span class='ocrx_word' id='word_1_143' title='bbox 606 3253 765 3347; x_wconf 87' lang='lat' dir='ltr'>cladem,</span> <span class='ocrx_word' id='word_1_144' title='bbox 797 3255 904 3347; x_wconf 88' lang='lat' dir='ltr'>cuius</span> <span class='ocrx_word' id='word_1_145' title='bbox 932 3279 1047 3330; x_wconf 90' lang='lat' dir='ltr'>causa</span> <span class='ocrx_word' id='word_1_146' title='bbox 1076 3256 1348 3328; x_wconf 86' lang='lat' dir='ltr'>terraemotus:</span> <span class='ocrx_word' id='word_1_147' title='bbox 1390 3252 1517 3351; x_wconf 74' lang='lat' dir='ltr'>eadem</span> <span class='ocrx_word' id='word_1_148' title='bbox 1546 3254 1681 3356; x_wconf 72' lang='lat' dir='ltr'>inopia</span> 
     </span>
     <span class='ocr_line' id='line_1_25' title="bbox 332 3374 1678 3476; baseline 0.001 -25"><span class='ocrx_word' id='word_1_149' title='bbox 332 3374 501 3452; x_wconf 91' lang='lat' dir='ltr'>laborare</span> <span class='ocrx_word' id='word_1_150' title='bbox 539 3375 814 3468; x_wconf 63' lang='lat' dir='ltr'>Seminarium</span> <span class='ocrx_word' id='word_1_151' title='bbox 854 3375 912 3451; x_wconf 91' lang='lat' dir='ltr'>ita</span> <span class='ocrx_word' id='word_1_152' title='bbox 948 3381 992 3451; x_wconf 91' lang='lat' dir='ltr'>nt</span> <span class='ocrx_word' id='word_1_153' title='bbox 1029 3379 1202 3476; x_wconf 89' lang='lat' dir='ltr'>oporteat</span> <span class='ocrx_word' id='word_1_154' title='bbox 1238 3374 1431 3451; x_wconf 87' lang='lat' dir='ltr'>dimittere</span> <span class='ocrx_word' id='word_1_155' title='bbox 1468 3375 1678 3453; x_wconf 90' lang='lat' dir='ltr'>nonnullos</span> 
     </span>
     <span class='ocr_line' id='line_1_26' title="bbox 330 3495 1685 3599; baseline 0 -27"><span class='ocrx_word' id='word_1_156' title='bbox 330 3495 496 3598; x_wconf 88' lang='lat' dir='ltr'>optimae</span> <span class='ocrx_word' id='word_1_157' title='bbox 524 3495 602 3598; x_wconf 89' lang='lat' dir='ltr'>spei</span> <span class='ocrx_word' id='word_1_158' title='bbox 631 3496 804 3590; x_wconf 89' lang='lat' dir='ltr'>iuvenes,</span> <span class='ocrx_word' id='word_1_159' title='bbox 836 3497 899 3597; x_wconf 86' lang='lat' dir='ltr'>qui</span> <span class='ocrx_word' id='word_1_160' title='bbox 930 3496 1051 3598; x_wconf 87' lang='lat' dir='ltr'>gratis</span> <span class='ocrx_word' id='word_1_161' title='bbox 1080 3495 1252 3588; x_wconf 90' lang='lat' dir='ltr'>aluntur,</span> <span class='ocrx_word' id='word_1_162' title='bbox 1280 3496 1494 3572; x_wconf 92' lang='lat' dir='ltr'>eorumdem</span> <span class='ocrx_word' id='word_1_163' title='bbox 1513 3521 1685 3599; x_wconf 91' lang='lat' dir='ltr'>pauper-</span> 
     </span>
     <span class='ocr_line' id='line_1_27' title="bbox 330 3615 1679 3721; baseline 0 -29"><span class='ocrx_word' id='word_1_164' title='bbox 330 3617 424 3692; x_wconf 88' lang='lat' dir='ltr'>tatis</span> <span class='ocrx_word' id='word_1_165' title='bbox 452 3621 588 3693; x_wconf 77' lang='lat' dir='ltr'>causa:</span> <span class='ocrx_word' id='word_1_166' title='bbox 621 3617 718 3720; x_wconf 90' lang='lat' dir='ltr'>apud</span> <span class='ocrx_word' id='word_1_167' title='bbox 747 3615 905 3694; x_wconf 82' lang='lat' dir='ltr'>Curiam</span> <span class='ocrx_word' id='word_1_168' title='bbox 940 3642 1020 3692; x_wconf 87' lang='lat' dir='ltr'>esse</span> <span class='ocrx_word' id='word_1_169' title='bbox 1050 3615 1209 3692; x_wconf 83' lang='lat' dir='ltr'>fundum</span> <span class='ocrx_word' id='word_1_170' title='bbox 1242 3615 1390 3708; x_wconf 52' lang='lat' dir='ltr'>140th</span> <span class='ocrx_word' id='word_1_171' title='bbox 1428 3616 1679 3721; x_wconf 79' lang='lat' dir='ltr'>libellarum,</span> 
     </span>
     <span class='ocr_line' id='line_1_28' title="bbox 330 3735 1679 3839; baseline 0.001 -27"><span class='ocrx_word' id='word_1_172' title='bbox 330 3762 490 3838; x_wconf 89' lang='lat' dir='ltr'>quarum</span> <span class='ocrx_word' id='word_1_173' title='bbox 518 3737 664 3812; x_wconf 89' lang='lat' dir='ltr'>reditus</span> <span class='ocrx_word' id='word_1_174' title='bbox 701 3739 908 3839; x_wconf 81' lang='lat' dir='ltr'>erogantur</span> <span class='ocrx_word' id='word_1_175' title='bbox 941 3738 981 3813; x_wconf 97' lang='lat' dir='ltr'>in</span> <span class='ocrx_word' id='word_1_176' title='bbox 1011 3735 1169 3830; x_wconf 89' lang='lat' dir='ltr'>missas,</span> <span class='ocrx_word' id='word_1_177' title='bbox 1210 3761 1305 3837; x_wconf 85' lang='lat' dir='ltr'>quae</span> <span class='ocrx_word' id='word_1_178' title='bbox 1343 3737 1414 3812; x_wconf 89' lang='lat' dir='ltr'>loci</span> <span class='ocrx_word' id='word_1_179' title='bbox 1449 3761 1562 3813; x_wconf 92' lang='lat' dir='ltr'>onere</span> <span class='ocrx_word' id='word_1_180' title='bbox 1595 3761 1679 3813; x_wconf 92' lang='lat' dir='ltr'>non</span> 
     </span>
     <span class='ocr_line' id='line_1_29' title="bbox 330 3855 1687 3959; baseline 0.001 -28"><span class='ocrx_word' id='word_1_181' title='bbox 330 3861 558 3958; x_wconf 82' lang='lat' dir='ltr'>gravantur,</span> <span class='ocrx_word' id='word_1_182' title='bbox 589 3857 788 3933; x_wconf 92' lang='lat' dir='ltr'>dummodo</span> <span class='ocrx_word' id='word_1_183' title='bbox 816 3857 919 3933; x_wconf 85' lang='lat' dir='ltr'>infra</span> <span class='ocrx_word' id='word_1_184' title='bbox 946 3881 1091 3932; x_wconf 89' lang='lat' dir='ltr'>annum</span> <span class='ocrx_word' id='word_1_185' title='bbox 1112 3855 1294 3932; x_wconf 84' lang='lat' dir='ltr'>litentur:</span> <span class='ocrx_word' id='word_1_186' title='bbox 1327 3857 1406 3932; x_wconf 88' lang='lat' dir='ltr'>vim</span> <span class='ocrx_word' id='word_1_187' title='bbox 1436 3856 1533 3932; x_wconf 80' lang='lat' dir='ltr'>lianc</span> <span class='ocrx_word' id='word_1_188' title='bbox 1561 3883 1687 3959; x_wconf 87' lang='lat' dir='ltr'>pecu-</span> 
     </span>
     <span class='ocr_line' id='line_1_30' title="bbox 331 3976 1683 4080; baseline 0.001 -26"><span class='ocrx_word' id='word_1_189' title='bbox 331 3977 415 4054; x_wconf 91' lang='lat' dir='ltr'>niae</span> <span class='ocrx_word' id='word_1_190' title='bbox 445 3977 574 4054; x_wconf 87' lang='lat' dir='ltr'>forsan</span> <span class='ocrx_word' id='word_1_191' title='bbox 603 3977 806 4054; x_wconf 84' lang='lat' dir='ltr'>conflatam</span> <span class='ocrx_word' id='word_1_192' title='bbox 843 3976 962 4052; x_wconf 81' lang='lat' dir='ltr'>fuisse</span> <span class='ocrx_word' id='word_1_193' title='bbox 992 4003 1058 4079; x_wconf 92' lang='lat' dir='ltr'>per</span> <span class='ocrx_word' id='word_1_194' title='bbox 1087 3977 1265 4078; x_wconf 83' lang='lat' dir='ltr'>reliquias</span> <span class='ocrx_word' id='word_1_195' title='bbox 1298 3977 1539 4077; x_wconf 88' lang='lat' dir='ltr'>antiquorum</span> <span class='ocrx_word' id='word_1_196' title='bbox 1568 3979 1683 4080; x_wconf 89' lang='lat' dir='ltr'>lega—</span> 
     </span>
     <span class='ocr_line' id='line_1_31' title="bbox 330 4098 1679 4201; baseline 0.003 -28"><span class='ocrx_word' id='word_1_197' title='bbox 330 4104 456 4174; x_wconf 91' lang='lat' dir='ltr'>torum</span> <span class='ocrx_word' id='word_1_198' title='bbox 484 4099 710 4190; x_wconf 88' lang='lat' dir='ltr'>missarum,</span> <span class='ocrx_word' id='word_1_199' title='bbox 749 4101 816 4173; x_wconf 92' lang='lat' dir='ltr'>aut</span> <span class='ocrx_word' id='word_1_200' title='bbox 854 4121 920 4200; x_wconf 92' lang='lat' dir='ltr'>per</span> <span class='ocrx_word' id='word_1_201' title='bbox 956 4098 1235 4199; x_wconf 79' lang='lat' dir='ltr'>assignationes</span> <span class='ocrx_word' id='word_1_202' title='bbox 1274 4099 1422 4201; x_wconf 86' lang='lat' dir='ltr'>piarum</span> <span class='ocrx_word' id='word_1_203' title='bbox 1457 4101 1679 4177; x_wconf 89' lang='lat' dir='ltr'>animarum</span> 
     </span>
     <span class='ocr_line' id='line_1_32' title="bbox 239 4207 1683 4323; baseline 0.003 -30"><span class='ocrx_word' id='word_1_204' title='bbox 239 4251 248 4278; x_wconf 85' lang='lat'><em>·</em></span> <span class='ocrx_word' id='word_1_205' title='bbox 330 4219 552 4322; x_wconf 88' lang='lat' dir='ltr'>promissis</span> <span class='ocrx_word' id='word_1_206' title='bbox 581 4219 746 4321; x_wconf 88' lang='lat' dir='ltr'>privatis</span> <span class='ocrx_word' id='word_1_207' title='bbox 765 4223 804 4294; x_wconf 91' lang='lat' dir='ltr'>et</span> <span class='ocrx_word' id='word_1_208' title='bbox 833 4217 984 4294; x_wconf 87' lang='lat' dir='ltr'>liberis:</span> <span class='ocrx_word' id='word_1_209' title='bbox 1018 4219 1172 4320; x_wconf 86' lang='lat' dir='ltr'>ideoque</span> <span class='ocrx_word' id='word_1_210' title='bbox 1192 4219 1414 4296; x_wconf 89' lang='lat' dir='ltr'>facultatem</span> <span class='ocrx_word' id='word_1_211' title='bbox 1444 4226 1570 4323; x_wconf 89' lang='lat' dir='ltr'>petere</span> <span class='ocrx_word' id='word_1_212' title='bbox 1589 4207 1683 4298; x_wconf 84' lang='lat' dir='ltr'>ero-</span> 
     </span>
     <span class='ocr_line' id='line_1_33' title="bbox 330 4339 1682 4443; baseline 0.005 -28"><span class='ocrx_word' id='word_1_213' title='bbox 330 4339 444 4440; x_wconf 88' lang='lat' dir='ltr'>gandi</span> <span class='ocrx_word' id='word_1_214' title='bbox 482 4341 713 4443; x_wconf 89' lang='lat' dir='ltr'>praedictam</span> <span class='ocrx_word' id='word_1_215' title='bbox 751 4363 937 4414; x_wconf 88' lang='lat' dir='ltr'>summam</span> <span class='ocrx_word' id='word_1_216' title='bbox 976 4340 1021 4415; x_wconf 90' lang='lat' dir='ltr'>ad</span> <span class='ocrx_word' id='word_1_217' title='bbox 1059 4340 1329 4416; x_wconf 85' lang='lat' dir='ltr'>sublevandam</span> <span class='ocrx_word' id='word_1_218' title='bbox 1363 4340 1604 4418; x_wconf 86' lang='lat' dir='ltr'>Cathedralis</span> <span class='ocrx_word' id='word_1_219' title='bbox 1634 4351 1682 4422; x_wconf 87' lang='lat' dir='ltr'>et</span> 
     </span>
    </p>
   </div>
   <div class='ocr_carea' id='block_1_6' title="bbox 301 4525 1682 4601">
    <p class='ocr_par' dir='ltr' id='par_1_10' title="bbox 301 4525 1682 4601">
     <span class='ocr_line' id='line_1_34' title="bbox 301 4525 1682 4601; baseline 0.004 -14"><span class='ocrx_word' id='word_1_220' title='bbox 301 4525 304 4532; x_wconf 43' lang='lat'><strong>⁴</strong></span> <span class='ocrx_word' id='word_1_221' title='bbox 406 4542 441 4601; x_wconf 84' lang='lat'>(1)</span> <span class='ocrx_word' id='word_1_222' title='bbox 458 4543 554 4588; x_wconf 83' lang='lat' dir='ltr'>Recole</span> <span class='ocrx_word' id='word_1_223' title='bbox 571 4543 631 4588; x_wconf 82' lang='lat' dir='ltr'>Vol.</span> <span class='ocrx_word' id='word_1_224' title='bbox 644 4542 714 4598; x_wconf 80' lang='lat' dir='ltr'>xlv,</span> <span class='ocrx_word' id='word_1_225' title='bbox 727 4541 782 4598; x_wconf 80' lang='lat'>39¹2,</span> <span class='ocrx_word' id='word_1_226' title='bbox 796 4545 823 4587; x_wconf 85' lang='lat' dir='ltr'>et</span> <span class='ocrx_word' id='word_1_227' title='bbox 835 4542 895 4600; x_wconf 77' lang='lat'>3983</span> <span class='ocrx_word' id='word_1_228' title='bbox 913 4542 960 4587; x_wconf 85' lang='lat' dir='ltr'>ubl</span> <span class='ocrx_word' id='word_1_229' title='bbox 978 4542 1069 4588; x_wconf 76' lang='lat' dir='ltr'>relate</span> <span class='ocrx_word' id='word_1_230' title='bbox 1088 4541 1143 4588; x_wconf 80' lang='lat' dir='ltr'>luit</span> <span class='ocrx_word' id='word_1_231' title='bbox 1161 4541 1295 4600; x_wconf 71' lang='lat' dir='ltr'>alapandlx</span> <span class='ocrx_word' id='word_1_232' title='bbox 1312 4541 1400 4600; x_wconf 82' lang='lat' dir='ltr'>quoad</span> <span class='ocrx_word' id='word_1_233' title='bbox 1412 4545 1528 4590; x_wconf 75' lang='lat' dir='ltr'>litteras</span> <span class='ocrx_word' id='word_1_234' title='bbox 1545 4545 1682 4595; x_wconf 80' lang='lat' dir='ltr'>testimo-</span> 
     </span>
    </p>
   </div>
   <div class='ocr_carea' id='block_1_7' title="bbox 0 0 1830 5240">
    <p class='ocr_par' dir='ltr' id='par_1_11' title="bbox 0 0 1830 5240">
     <span class='ocr_line' id='line_1_35' title="bbox 0 0 1830 5240; baseline 0 0"><span class='ocrx_word' id='word_1_235' title='bbox 0 0 1830 5240; x_wconf 95' lang='lat' dir='ltr'> </span> 
     </span>
    </p>
   </div>
   <div class='ocr_carea' id='block_1_8' title="bbox 328 4621 723 4670">
    <p class='ocr_par' dir='ltr' id='par_1_12' title="bbox 328 4595 1802 4728">
     <span class='ocr_line' id='line_1_36' title="bbox 328 4621 723 4670; baseline -0.002 0"><span class='ocrx_word' id='word_1_236' title='bbox 328 4621 419 4670; x_wconf 80' lang='lat' dir='ltr'>nlales</span> <span class='ocrx_word' id='word_1_237' title='bbox 437 4625 464 4668; x_wconf 87' lang='lat' dir='ltr'>et</span> <span class='ocrx_word' id='word_1_238' title='bbox 482 4622 654 4669; x_wconf 80' lang='lat' dir='ltr'>dimissorias</span> <span class='ocrx_word' id='word_1_239' title='bbox 672 4625 723 4668; x_wconf 85' lang='lat' dir='ltr'>etc.</span> 
     </span>
    </p>
   </div>
  </div>
 </body>
</html>
