3650 5242
313 271 354 334 90
878 285 1099 330 cas-ruminus

314 413 389 464 non
418 389 595 463 asserunt
623 409 709 461 oum
740 385 842 462 omni
872 385 1103 460 certitudine
1133 385 1313 462 Carolum
1349 386 1518 461 hebetem
1551 411 1665 478 esse,

207 523 208 526 ’
315 507 380 584 sed
408 507 541 582 dieunt
568 507 832 582 tantummodo
862 507 898 581 id
929 505 1065 582 videri.
1105 508 1179 582 Ast
1215 531 1263 581 ex
1291 529 1334 582 eo
1371 506 1468 607 quod
1498 507 1669 583 Carolus

314 628 365 703 sit
388 627 643 730 probabiliter
671 625 805 713 hebes,
838 651 912 702 non
942 626 1113 726 sequitur
1148 626 1273 726 ipsum
1302 648 1385 700 esse
1413 637 1510 699 certe
1538 625 1667 728 impo-

314 751 476 823 tentem.
508 745 562 820 Et
581 746 651 821 hoc
679 746 718 822 iu
741 746 945 848 hypothesi
972 746 1069 846 quod
1090 770 1224 821 revera
1246 745 1359 821 detur
1378 745 1551 821 absoluta
1569 769 1668 821 con-

315 867 429 944 nexio
457 867 579 942 inter
599 866 798 968 physicam
827 867 1113 970 impotentiam,
1149 873 1187 941 et
1222 866 1426 941 mentalem
1464 866 1667 941 hebetudi-

314 1011 415 1069 nem,
447 985 543 1086 quod
571 988 700 1060 tamen
729 987 942 1086 negandum
963 1011 1045 1062 esse
1074 991 1206 1077 tene03
1240 985 1322 1061 lieri
1342 987 1443 1061 cuim
1464 1007 1571 1088 posse
1590 1011 1668 1062 au·-

313 1107 394 1182 divi
422 1132 445 1182 a
465 1104 639 1207 plurimis
660 1105 813 1180 medicis
833 1107 929 1206 quod
949 1106 1131 1182 hebetudo
1150 1105 1290 1180 mentis
1315 1105 1435 1206 possit
1454 1105 1664 1206 aliquando

312 1227 448 1302 sociari
477 1251 563 1301 cum
602 1225 730 1302 valida
759 1227 942 1328 potentia.
975 1227 1179 1316 Ceterum,
1221 1224 1311 1299 data
1349 1224 1579 1299 medicorum
1615 1224 1664 1300 in

312 1372 401 1424 casu
431 1346 592 1449 peritia,
634 1346 832 1423 dicendum
862 1348 960 1422 foret
990 1345 1170 1423 Carolum
1199 1369 1274 1420 non
1304 1369 1430 1420 carere
1459 1347 1659 1446 potentia,

312 1492 398 1543 oum
426 1492 474 1542 ex
503 1465 602 1542 datis
632 1469 672 1542 in
701 1468 898 1543 Tribunali
937 1467 1242 1570 responsionibus
1279 1466 1430 1541 excludi
1463 1491 1569 1568 posse
1597 1468 1666 1542 vi-

311 1592 446 1666 deatur
476 1591 614 1664 mentis
644 1589 849 1678 hebetudo;
883 1590 921 1666 3.
954 1589 1103 1664 demum
1132 1588 1397 1664 animadverto
1425 1591 1560 1664 contra
1579 1613 1666 1666 me-

214 1764 219 1779 .
312 1712 480 1787 dicorum
509 1709 704 1812 peritiam,
735 1709 832 1810 quod
860 1711 934 1812 ipsi
964 1734 1039 1786 non
1059 1707 1194 1784 dicunt
1222 1734 1271 1783 an
1301 1733 1427 1784 massa
1455 1707 1524 1784 illa
1552 1735 1668 1812 prae-

312 1832 426 1934 putii,
458 1853 554 1930 quae
581 1830 724 1905 coitum
753 1830 927 1931 impedit,
949 1829 1092 1905 auferri
1117 1829 1286 1930 potuerit
1316 1853 1381 1930 per
1399 1828 1662 1930 chirurgicam

301 2041 307 2053 ι
337 2041 344 2052 ,
369 2041 375 2052 ,
409 1982 413 1987 ·
464 1979 474 2007 ·
491 1980 524 2027 ι,·
554 1975 584 2023 r.
616 1949 711 2024 Esto
730 1949 826 2050 quosl
848 1949 956 2025 hodie
985 1949 1077 2025 haec
1096 1948 1265 2050 operatio
1293 1948 1345 2023 sit
1370 1951 1498 2024 l'orsan
1518 1949 1667 2052 impos-

279 2041 413 2132 S¹b¹l¹S³
445 2067 531 2118 oum
680 2098 688 2115 =
724 2095 756 2162 rs
785 2071 837 2144 sit
875 2069 1111 2145 constitutus
1149 2069 1187 2143 in
1216 2071 1341 2144 aetate
1369 2069 1421 2145 46
1450 2093 1658 2145 annorum.

277 2161 351 2235 Ast
379 2163 526 2261 quando
555 2163 715 2242 Carolus
730 2163 1065 2266 'ineffeminatum
1093 2187 1290 2266 contraxit
1308 2192 1471 2264 aetatem
1497 2179 1661 2265 hahebat

276 2283 683 2377 annor³u11128,et35
712 2293 858 2390 quando
887 2263 990 2368 filli
1059 2312 1212 2388 medicis
1233 2311 1449 2412 inspectus:
1472 2310 1511 2386 Si
1534 2311 1664 2414 igitur

277 2404 426 2502 quando
454 2407 738 2519 matrimonium
758 2415 966 2508 contraxit,
991 2443 1075 2517 poss
1117 2435 1215 2511 ’afflig
1234 2436 1316 2509 erat
1335 2431 1552 2533 chirurgica
1569 2455 1662 2533 0pe-

274 2525 388 2615 rati0,
420 2529 522 2600 certe
552 2529 837 2608 matrimoniiun
866 2542 992 2610 ratum
1023 2538 1112 2627 suit,
1145 2541 1172 2616 h
1244 2565 1272 2631 „t
1301 2553 1554 2630 consummari
1579 2577 1660 2628 non

215 2637 219 2648 ’
273 2645 460 2745 potuisset
489 2672 554 2746 per
582 2652 841 2732 extrinsnum
871 2655 1196 2757 impedimentum.
1229 2663 1243 2736 l
1289 2679 1347 2752 '00
1371 2677 1409 2751 in
1439 2697 1527 2748 casu
1555 2631 1655 2748 idem

271 2762 470 2838 dicendum
501 2765 599 2841 foret
628 2794 670 2844 ae
699 2770 743 2846 de
774 2772 915 2850 femina
944 2778 1073 2870 areta}
1107 2781 1261 2884 ideoque
1282 2787 1524 2873 temnendum
1553 2799 1656 2870 esset

271 2907 320 2957 ex
347 2907 381 2957 c.
413 2884 711 2973 creauimus,
742 2895 1029 2974 matrimonium
1050 2925 1125 2977 non
1155 2904 1257 2980 reddi
1279 2903 1467 2992 nullmam
1497 2941 1561 3017 per
1580 2917 1660 2990 im-

271 3002 531 3104 pedimentum
559 3007 655 3106 quod
685 3015 810 3112 potest
837 3016 1003 3092 auferria
1420 3021 1465 3108 ‘n

349 3123 433 3200 Seio
462 3125 647 3225 equidem,
680 3131 767 3206 Emi
799 3135 952 3228 PatreS,
984 3165 1031 3215 ex
1061 3143 1220 3220 testium
1248 3140 1582 3249 depositiorltnibus
1610 3163 1656 3232 et
1754 3225 1764 3238 ,

202 3247 206 3254 “
266 3267 315 3317 ex
352 3243 488 3340 fartis,
527 3271 620 3349 quae
650 3275 764 3352 supra
802 3263 1117 3355 commemoravi,
1157 3264 1444 3343 evidentissime
1473 3239 1652 3370 mutuet

269 3361 304 3436 l.
337 3365 434 3464 quod
463 3369 624 3448 Carolus
654 3396 787 3448 revera
816 3399 890 3452 non
920 3387 1264 3478 consummaverit3
1297 3390 1336 3462 2.
1369 3389 1463 3489 quod
1494 3391 1512 3464 l'
1556 3397 1652 3470 'uerit

264 3491 303 3560 et
332 3491 585 3588 permanserit
615 3492 653 3567 in
684 3495 821 3571 talibus
851 3499 1020 3599 physicis
1049 3503 1342 3600 conditionibus,
1365 3517 1409 3585 ut
1436 3535 1564 3586 consur
1603 3543 1656 3592 η-

264 3623 368 3680 mare
397 3632 473 3684 non
501 3613 691 3711 potuerit3
725 3616 763 3691 3.
786 3620 883 3717 quod
912 3645 1047 3696 revera
1075 3625 1126 3700 sit
1147 3626 1187 3701 in
1208 3627 1277 3704 hoc
1306 3636 1409 3707 statu
1435 3596 1655 3734 permanir-

264 3750 399 3818 surus3
432 3732 606 3805 astrum
644 3732 805 3810 iuridica
844 3738 1011 3838 probatio
1041 3741 1153 3818 huius
1191 3749 1459 3849 perpetuitatis
1488 3750 1655 3852 impe-tn

263 3845 407 3922 tentiae
436 3847 664 3927 desumenda
692 3857 743 3931 sit
771 3857 833 3933 vel
861 3883 909 3934 ex
941 3859 1123 3937 triennali
1143 3870 1419 3967 experimento
1442 3871 1538 3970 «prod
1567 3838 1669 3978 inin

261 3989 349 4096 casu
379 3966 501 4042 locum
531 3995 606 4047 non
637 3974 781 4068 habuit,
815 3978 877 4054 vel
906 4003 953 4054 ex
983 3981 1193 4082 peritorum
1217 3991 1481 4082 attestatione,
1513 4019 1608 4092 quae
1634 4004 1663 4095 ζ,

259 4109 299 4160 m
328 4111 417 4162 casu
455 4114 603 4166 omnem
639 4095 913 4174 dubitationem
950 4123 1026 4176 non
1063 4105 1255 4198 excludit3
1299 4109 1388 4184 hinc
1421 4111 1603 4213 estquod
1639 4133 1669 4191 n

257 4206 413 4330 iuridice
442 4211 590 4310 quidem
622 4218 800 4315 probatur
829 4220 972 4296 factum
993 4246 1068 4297 non
1098 4243 1280 4327 sequutae
1309 4235 1606 4310 consummatio·
1638 4231 1670 4308 li

164 4353 169 4362 ·
257 4326 340 4414 nis,
371 4331 411 4402 et
439 4329 724 4434 impossibilitas
763 4339 809 4414 ad
838 4339 945 4416 illam
984 4343 1226 4421 obtinendam
1265 4349 1308 4424 ch
1345 4353 1603 4428 extrinsecum
1636 4363 1641 4372 '

256 4447 592 4550 impedimentum3
626 4457 689 4532 sed
719 4459 927 4536 intrinseca
954 4461 1195 4564 impotentia,
1218 4475 1255 4544 et
1276 4471 1443 4546 eiusdem
1471 4497 1601 4576 perpe-
1617 4499 1667 4548 ›n-

249 4568 392 4659 ,tuitas
414 4571 548 4647 morali
570 4578 722 4652 tantum
742 4579 971 4657 certitudine
1000 4587 1193 4682 constant,
1217 4612 1293 4665 non
1312 4614 1402 4666 vero
1423 4591 1595 4667 iuridica.
1626 4617 1649 4668 u
