3674 5262
364 269 404 334 52
896 289 936 336 ux
959 291 986 335 s.
1003 291 1033 336 o.
1051 291 1173 336 arruuu

365 392 581 460 memorata
604 387 779 458 chbrica
800 411 836 460 n.
864 390 910 475 7;
936 396 973 460 et
987 390 1069 481 ficii
1091 390 1286 478 cataiopus
1303 391 1510 480 festorum,
1538 412 1635 480 qtcae
1652 391 1718 462 uti

367 493 576 581 Primario,
604 495 662 565 oei
685 497 926 584 secundaria,
954 497 1150 584 retinenda
1167 501 1271 568 sunt.
1296 499 1360 568 Die
1383 503 1427 568 27
1453 499 1546 568 lunii
1570 502 1667 569 1893.

455 597 616 672 Demum
642 604 710 672 his*
724 605 900 674 omnibus
924 606 1167 675 Sanctissimo
1191 605 1313 690 eidem
1329 599 1489 675 Domino
1504 607 1639 675 Nostro
1655 625 1708 702 re-

291 702 293 710 '
365 706 447 778 latis
471 729 538 797 per
563 719 624 788 me
649 711 773 796 ipsum
798 711 1075 799 infrascriptum
1100 711 1335 782 Cardinalem
1351 711 1594 801 Praefectum,
1620 713 1718 783 San--

365 815 469 886 clitas
492 817 568 886 Sua
592 819 815 888 sententiam
840 819 1010 890 eiusdem
1034 821 1172 888 Sacrae
1188 818 1492 910 congregationis
1510 823 1628 888 ratam
1644 819 1709 894 ha·

364 922 452 1013 buit,
478 929 514 994 et
536 923 782 1012 confirmavit,
806 925 987 1013 iussitque
1000 926 1056 1012 ita,
1074 932 1110 994 et
1124 945 1200 996 non
1217 925 1321 996 aliter
1338 925 1589 996 Rubricarum
1605 943 1718 1012 prae-1
1828 997 1829 1004 χ

364 1031 502 1118 scripta
526 1032 598 1100 hac
621 1032 657 1100 in
694 1051 735 1100 re
770 1051 855 1102 esse
890 1032 1185 1120 interpretanda:
1209 1031 1413 1119 Rescripta,
1438 1051 1508 1102 seu
1539 1035 1714 1120 Decreta,
1828 1099 1829 1118 ,

364 1143 445 1206 tum
462 1138 651 1226 generalia
666 1144 748 1208 tum
768 1138 1014 1226 particularia,
1032 1139 1067 1206 in
1084 1140 1314 1208 contrarium
1330 1137 1508 1227 facientia,
1526 1159 1713 1226 suprema

251 1343 252 1346 Ἴ
364 1246 581 1315 auctoritate
604 1264 674 1315 sua
699 1246 848 1333 penitus
872 1245 1101 1332 abrogando.
1127 1246 1192 1314 Die
1214 1249 1236 1314 2
1261 1245 1349 1332 Iulii,
1374 1263 1473 1322 anno
1498 1247 1667 1346 eodem..

707 1447 976 1518 pateranus
1001 1447 1113 1516 olan.
1144 1410 1538 1519 morsi-masuam

912 1555 948 1624 S.
973 1555 1020 1621 It.
1051 1554 1085 1622 C.
1112 1553 1346 1642 Praefectus.

455 1681 555 1748 Loco
572 1688 608 1758 ὦ
625 1681 748 1768 Sigilli.

861 1807 1086 1874 Vrucuurrus
1110 1806 1230 1891 Nussr,
1258 1805 1292 1872 S.
1317 1807 1365 1872 R.
1396 1806 1431 1874 C.
1458 1804 1713 1874 Secretariusa.
1828 1879 1829 1904 ἢ

705 2035 1356 2080 -———-—-01-o·re·-—-—-—

631 2223 811 2308 crannum.
833 2252 868 2306 oe
888 2265 956 2307 nova
975 2251 1068 2308 onero
1088 2252 1116 2308 et
1136 2252 1221 2309 nisu
1240 2267 1265 2310 a.
1286 2253 1426 2312 ramirus.

451 2416 718 2485 Sanctissimus
741 2415 924 2483 Dominus
946 2416 1081 2484 Noster
1104 2418 1180 2484 Leo
1204 2417 1305 2502 Papa
1338 2415 1434 2483 Xlll.
1459 2415 1707 2488 Consociatio·

361 2543 449 2592 nem
473 2543 495 2592 a
520 2523 654 2592 Sancta
679 2522 841 2605 Familia,
866 2541 964 2608 qliae
988 2521 1104 2592 laetos
1128 2529 1239 2610 atque
1256 2523 1392 2592 uberes
1407 2521 1552 2592 fructus
1575 2524 1649 2593 iam
1667 2525 1710 2592 in

359 2630 524 2700 Ecclesia
547 2628 697 2715 ferebat,
722 2648 789 2715 per
812 2629 968 2698 Litteras
992 2629 1063 2698 diei
1086 2630 1176 2698 XIV
1201 2630 1293 2698 lunii
1317 2631 1522 2718 superioris
1545 2631 1634 2700 anni
1659 2650 1705 2699 eo

360 2737 515 2806 salutari
537 2736 691 2806 consilio
716 2737 947 2822 approbavit,
972 2742 1013 2805 ut
1034 2735 1195 2806 familiae
1218 2738 1441 2808 christianae
1457 2738 1603 2807 arctiori
1628 2737 1704 2824 pie·

360 2843 443 2912 tatis
466 2863 568 2912 nexu
592 2843 750 2912 Sanctae
766 2842 888 2910 eidem
904 2843 1079 2912 Familiae
1096 2843 1381 2930 devincirentur‚
1399 2849 1434 2913 et
1450 2844 1565 2928 Iesus,
1583 2833 1702 2912 Maria

360 2967 404 3019 ac
428 2949 564 3035 loseph
587 2948 744 3017 familias
768 2949 836 3016 sibi
861 2948 1005 3018 deditas
1028 2955 1221 3037 tamquam
1240 2969 1320 3018 rem
1344 2951 1535 3036 propriam
1559 2954 1704 3019 tueren-

359 3060 419 3124 tur
443 3075 487 3125 ac
510 3055 687 3124 foverent.
713 3057 802 3136 Quo·
829 3075 920 3126 vero
958 3058 1052 3126 inter
1086 3056 1217 3142 fideles
1252 3057 1374 3126 cultus
1409 3075 1497 3143 erga
1523 3055 1700 3126 eamdem

359 3162 535 3232 Sanctam
560 3161 753 3232 Familiam
777 3163 812 3230 in
839 3162 919 3233 dies
942 3168 1135 3252 augeatur,
1159 3164 1308 3252 plurimi
1333 3163 1554 3250 amplissimi
1586 3163 1704 3232 diver·

358 3288 487 3339 sarum
514 3267 707 3338 nationum
731 3269 908 3356 Episcopi
929 3270 998 3357 ipsi
1022 3270 1265 3341 Sanctissimo
1290 3271 1449 3338 Domino
1473 3272 1609 3339 Nostro
1634 3270 1700 3337 hu·

358 3373 522 3443 millimis
545 3375 720 3461 precibus
743 3376 1011 3462 supplicarunt,
1040 3382 1090 3462 ut,
1116 3377 1443 3462 quemadmodum
1480 3377 1554 3444 iam
1580 3376 1615 3444 in
1641 3377 1710 3446 ali*

358 3481 496 3569 quibus
520 3481 610 3550 locis
634 3482 830 3566 obtinebat,
852 3482 1025 3551 Officium
1050 3488 1086 3551 et
1109 3484 1264 3552 Missam
1281 3483 1317 3549 in
1335 3483 1519 3551 honorem
1544 3482 1703 3553 Sanctae

358 3587 534 3656 Familiae
563 3589 779 3659 Nazarenae
803 3589 888 3676 sibi,
913 3589 1170 3677 religiosisque
1195 3588 1554 3677 Congregationibus
1579 3594 1704 3675 peten-

357 3693 456 3762 tibus
481 3694 688 3763 concedere
713 3693 939 3783 dignaretur.

447 3798 575 3881 Porr0,
601 3817 719 3884 quum
737 3799 773 3865 in
798 3799 974 3885 peculiari
990 3798 1122 3882 officio,
1140 3799 1282 3867 iamdiu
1299 3800 1334 3866 in
1352 3798 1578 3886 quibusdam
1597 3800 1709 3868 Dios·-

357 3905 507 3974 cesibus
530 3903 702 3990 adhibito,
727 3907 906 3976 nonnulla
931 3906 1132 3976 immutare
1155 3925 1252 3992 opus
1270 3913 1384 3992 esset;
1403 3907 1527 3976 visum
1551 3905 1617 3975 fuit
1640 3901 1719 3976 no·¹
1828 3969 1829 3994 ,

355 4031 448 4080 vum
474 4011 646 4080 Officium
671 4016 706 4081 et
729 4013 867 4083 Missae
891 4013 1044 4102 schema
1071 4011 1266 4100 conficere,
1285 4013 1385 4100 quod
1403 3997 1537 4099 reapse
1554 4014 1601 4082 de
1618 4033 1700 4102 spe·

355 4119 435 4190 ciali
460 4119 675 4206 Apostolica
699 4119 925 4189 Auctoritate
948 4120 1223 4205 concinnatum,
1248 4125 1283 4190 et
1305 4120 1426 4206 prouti
1449 4121 1486 4187 in
1511 4120 1696 4206 superiori

346 4226 563 4312 exemplari
591 4229 754 4310 prostat,
779 4245 847 4311 per
882 4245 943 4296 me
977 4224 1253 4312 infrascriptum
1289 4226 1524 4296 Cardinalem
1561 4227 1705 4297 Sacrae

355 4335 508 4404 Rituum
535 4333 819 4422 Congregationi
845 4335 1085 4420 Praefectum,
1103 4354 1177 4404 una
1202 4353 1290 4403 cum
1316 4337 1358 4403 R.
1375 4336 1414 4402 P.
1432 4337 1472 4403 D.
1488 4338 1703 4425 Augustino

354 4442 518 4529 Caprara
539 4443 696 4511 Sanctae
721 4441 819 4510 Fidei
844 4441 1064 4509 Promotore
1087 4442 1278 4528 diligenter
1302 4441 1483 4528 revisum,
1508 4463 1530 4512 a
1554 4445 1704 4532 meipso

353 4549 536 4619 Cardinali
561 4549 777 4634 subsignata
796 4548 855 4616 dio
873 4549 991 4617 cidem
1012 4549 1255 4618 Sanctissimo
1271 4550 1430 4619 Domino
1446 4553 1582 4620 Nostro
1600 4553 1707 4620 exhi-
