3672 5216
310 201 386 269 no
709 217 892 266 33333333.
917 219 955 266 33
979 219 1108 265 3333333
1129 209 1280 264 namium

306 349 307 354 ¹
328 319 521 411 Haitiani,
541 321 581 396 in
601 321 890 396 transmissione
910 320 1126 396 litterarum
1146 318 1457 395 dimissorialium
1476 319 1575 394 etin
1594 316 1677 393 col·

329 439 680 527 lationeordinum
709 440 809 517 haud
838 441 890 516 sit
918 439 1177 542 improbanda,
1199 439 1302 540 sequi
1332 440 1449 515 etiam
1477 439 1675 514 videretur

328 560 428 637 idem
457 561 662 638 tenendum
691 561 812 664 quoad
840 561 1152 664 subscriptionem
1172 559 1391 636 litterarum
1410 585 1504 661 quae
1522 561 1567 635 de
1587 585 1676 663 per-

329 685 416 758 acta
442 682 678 758 ordinatione
695 681 823 757 ‘fidem
856 681 1017 758 faciunt.
1050 680 1240 782 Siquidem
1259 686 1493 784 compertum
1511 685 1571 756 est
1590 705 1678 755 eas-

329 803 412 878 dem
441 803 591 879 litteras
620 804 664 880 ab
682 827 725 880 33
745 801 932 904 Episcopo
959 801 1100 879 dandas
1128 826 1224 894 esse,
1255 801 1353 998 qu'pl
1347 827 1494 878 sacram
1520 799 1678 878 ordina·

331 921 475 998 tionem
505 922 658 999 habuit:
691 922 736 997 ad
766 946 956 998 summum
985 923 1089 1023 exigi
1117 929 1181 1024 pot
1184 921 1277 1038 erit,
1309 922 1421 998 utin
1449 921 1674 997 3333133333-

330 1043 523 1119 stimoniis
538 1042 583 1119 de
598 1043 712 1120 venia
728 1041 971 1120 Pontificalia
985 1042 1183 1119 exercendi
1199 1068 1221 1118 a
1237 1043 1392 1119 Nannet
1375 1047 1475 1118 tensi
1465 1039 1677 1182 Praesule

331 1187 510 1239 concessa
538 1164 681 1242 mentio
709 1163 792 1239 fiat.

411 1283 562 1360 Panxrs
590 1307 817 1361 annomnon
844 1307 1029 1360 umarus.
1063 1283 1321 1360 Nihilominus
1340 1310 1389 1360 ex
1416 1283 1472 1360 alt
1455 1287 1538 1359 tera
1564 1288 1650 1387 part
1652 1309 1678 1359 c

331 1404 637 1508 perpendendum
665 1409 723 1480 est
753 1404 976 1480 facultatem
1006 1403 1156 1481 ordines
1176 1403 1392 1480 conferendi
1411 1429 1487 1481 non
1506 1405 1680 1480 cuicum·
1722 1455 1724 1458 -

330 1548 402 1626 que
416 1524 584 1601 Antistit
553 1529 599 1600 1
588 1525 748 1626 ubique
763 1547 893 1625 compo
896 1528 989 1616 tere,
1009 1523 1073 1599 sed
1092 1549 1175 1599 eam
1190 1524 1507 1630 tantummodum
1522 1523 1681 1626 propria

330 1644 489 1720 dioecesi
502 1645 671 1720 exerceri
685 1668 808 1748 posse.
827 1644 997 1737 Saue,1n
1017 1668 1107 1718 casu
1122 1643 1222 1719 haud
1238 1643 1319 1744 agit
1323 1667 1369 1719 ur
1304 1641 1615 1720 tsolummodo
1629 1640 1680 1717 de

330 1765 475 1842 exercit
477 1765 513 1841 io
532 1764 710 1867 potestat
700 1790 733 1840 rs
748 1764 907 1857 ordinis,
920 1764 984 1839 sed
1002 1763 1129 1839 det
1066 1769 1129 1839 act
1132 1789 1155 1837 u
1175 1763 1360 1840 iurisdict'
1334 1763 1464 1857 tronis,
1478 1763 1542 1864 qui
1561 1767 1629 1838 ext
1630 1787 1680 1838 33

331 1886 570 1962 territorium
590 1885 892 1986 nequitadmitti
901 1883 1059 1985 Monet
1079 1882 1123 1958 de
1144 1881 1319 1960 Camillis
1339 1881 1437 1959 lost.
1461 1884 1509 1958 Iu
1513 1912 1547 1957 r.
1570 1883 1675 1960 Con

332 2019 410 2082 tom
384 2005 498 2084 n..2
522 1979 1056 2108 333103313313333
1098 2030 1166 2077 33.
1211 2003 1291 2078 188
1290 2005 1334 2088 8
1375 2029 1481 2106 posse
1522 2003 1675 2104 quidem

331 2127 539 2260 Episcopos
568 2125 735 2202 alienum
768 2124 948 2201 clericum
983 2123 1159 2200 ordinare
1187 2149 1272 2200 cum
1310 2124 1535 2200 dimissoriis
1564 2123 1680 2201 Ordi-

331 2249 430 2324 narii
457 2247 553 2356 eius,
584 2252 646 2323 ast
673 2247 794 2322 addit:
831 2245 935 2321 <scd
966 2245 1175 2348 Episcopus
1203 2227 1266 2346 qui
1295 2269 1358 2320 eos
1387 2244 1678 2378 (dimissoriales

331 2367 380 2444 lit
364 2363 502 2470 tleras)
531 2367 687 2472 recepit,
719 2367 826 2442 debet
809 2371 989 2459 teavcre
1017 2365 1076 2441 uti
1105 2364 1154 2442 ibi
1188 2364 1375 2458 conferat,
1344 2365 1468 2441 tubi
1497 2364 1563 2442 dat
1547 2370 1612 2440 tur
1639 2365 1676 2440 ci

234 2531 236 2536 ·
330 2486 609 2591 pontificalium
628 2513 719 2563 usus
739 2517 775 2561 3.
799 2486 852 2562 113
871 2485 965 2561 3133.
989 2486 1129 2561 Devoti
1148 2485 1244 2564 lust.
1265 2485 1363 2561 Con.
1389 2487 1454 2561 333.
1477 2487 1513 2560 l.
1537 2485 1676 2561 1334.

329 2619 418 2682 sect.
448 2605 489 2685 2.
523 2610 547 2706 ξ
576 2605 631 2680 ll.
663 2607 813 2686 scribit:
848 2604 1075 2682 ‹Ordinum
1105 2605 1238 2705 ubique
1266 2603 1679 2706 conferendorumpo-

331 2732 452 2804 testas
473 2727 586 2802 unius
605 2731 664 2802 est
648 2727 851 2803 tRomani
872 2727 973 2801 Pont
956 2725 1090 2816 tillem,
1110 2725 1318 2920 Episcopi
1309 2751 1348 2801 m
1368 2725 1526 2801 dioecesi
1547 2750 1674 2800 sua»

330 2845 439 2935 Quod
466 2848 534 2922 aut
536 2871 595 2952 em
623 2847 664 2921 in
693 2871 784 2921 casu
812 2845 1023 2947 Episcopus
1059 2846 1307 2921 nannetensis
1345 2843 1505 2920 facultat
1449 2849 1566 2919 tatem
1606 2845 1681 2920 ha-

226 3021 228 3026 ·
329 2966 439 3043 bendi
468 2940 750 3042 pontificalia
741 2991 782 3040 1n
811 2965 1023 3042 Seminario
1053 2965 1155 3042 Hait
1130 2970 1233 3042 trano
1261 2963 1349 3040 aliis
1386 2963 1624 3067 Episcopis
1614 2989 1680 3040 rn-

330 3087 506 3181 dulserit
535 3087 575 3163 id
604 3084 705 3163 haud
733 3084 938 3162 secumfert
922 3089 1117 3187 tpotesta
1094 3091 1195 3161 atem
1222 3085 1382 3161 ordinat
1356 3090 1478 3164 tiones
1506 3084 1614 3185 quasi
1633 3085 1675 3160 in

331 3209 482 3311 proprio
498 3147 695 3284 territorio
714 3205 934 3308 peragendi.
967 3205 1080 3284 Unde
1099 3204 1216 3281 ceteri
1241 3203 1456 3297 Praesules,
1480 3203 1680 3280 Haitianis

332 3329 489 3404 minime
517 3327 698 3418 33313333,
731 3329 876 3427 quoties
896 3326 947 3403 ibi
967 3350 1092 3402 sacros
1113 3325 1262 3402 ordines
1287 3324 1502 3438 conferunt,
1522 3325 1678 3400 nominc

215 3496 219 3505 -
331 3448 579 3524 nannetensis
601 3446 803 3524 Antistitis
825 3451 962 3548 agunt,
981 3446 1088 3521 euius
1117 3445 1233 3538 etiam
1258 3455 1340 3520 csse
1364 3445 1517 3521 videtur
1544 3445 1589 3520 dc
1615 3469 1682 3522 or-

331 3570 582 3646 dinandorum
615 3569 810 3670 requisitis
847 3568 1028 3644 iudicium
1068 3566 1180 3659 ferre,
1212 3567 1413 3667 omniaque
1445 3565 1676 3642 ordinationi

332 3669 612 3794 praemittenda
632 3690 832 3766 moderari.
866 3688 1045 3767 Ceterum
1067 3687 1196 3790 praxis
1216 3688 1362 3765 Romae
1382 3691 1422 3762 et
1441 3685 1520 3761 fere
1539 3685 1679 3787 ubique

332 3813 468 3914 vigens
497 3835 541 3886 ea
568 3816 643 3904 est,
674 3815 718 3886 ut
746 3815 836 3911 quot
840 3809 893 3885 ies
921 3808 1059 3908 aliquis
1089 3807 1204 3882 Antis
1208 3811 1264 3882 tes
1294 3809 1334 3883 in
1363 3806 1488 3882 aliena
1515 3807 1676 3883 'dioecesi

331 3931 481 4008 ordines
510 3930 673 4024 confert,
707 3931 743 4005 id
772 3943 848 4006 non
877 3928 984 4004 modo
1012 3951 1060 4001 ex
1089 3927 1221 4022 venia,
1254 3928 1317 4060 sed
1346 3929 1495 4003 viccet
1524 3927 1677 4003 nornine

332 4053 512 4156 Episcopi
540 4051 751 4127 dioecesani
782 4051 953 4154 peragat.

414 4173 545 4276 Inepte
527 4194 664 4247 evero
692 4193 847 4272 prorsus
867 4169 912 4244 ad
932 4169 1128 4244 seminarii
1146 4173 1300 4272 exempl
1303 4170 1424 4246 ionem
1445 4169 1484 4244 in
1505 4169 1677 4244 themate

332 4279 616 4394 confugeretur,
648 4313 856 4391 quaecum
892 4287 1019 4366 odiosa
1047 4313 1107 4365 333
1144 4290 1211 4382 333,
1243 4293 1375 4390 utpote
1408 4288 1553 4365 laesiva
1581 4287 1677 4364 certi

273 4415 278 4426 '
332 4414 428 4490 iuris
458 4411 652 4489 Praesulis
681 4411 944 4504 nannetensis,
971 4416 1072 4486 esset
1099 4409 1367 4487 concludenter
1396 4434 1470 4486 non
1499 4435 1590 4486 vero
1610 4435 1678 4512 per

330 4534 525 4611 illationes
567 4531 770 4636 probanda.
814 4530 1112 4607 «Seminarium
1151 4529 1298 4630 quidem
1339 4532 1487 4607 ratione
1524 4530 1596 4607 loci
1629 4530 1676 4606 ad
