<?xml version="1.0" encoding="UTF-8"?>
<!DOCTYPE html PUBLIC "-//W3C//DTD XHTML 1.0 Transitional//EN"
    "http://www.w3.org/TR/xhtml1/DTD/xhtml1-transitional.dtd">
<html xmlns="http://www.w3.org/1999/xhtml" xml:lang="en" lang="en">
 <head>
  <title>
</title>
<meta http-equiv="Content-Type" content="text/html;charset=utf-8" />
  <meta name='ocr-system' content='tesseract 3.04.00' />
  <meta name='ocr-capabilities' content='ocr_page ocr_carea ocr_par ocr_line ocrx_word'/>
</head>
<body>
  <div class='ocr_page' id='page_1' title='image "actasanctaesedi01popegoog_0170.png"; bbox 0 0 3672 5216; ppageno 0'>
   <div class='ocr_carea' id='block_1_1' title="bbox 672 196 1412 260">
    <p class='ocr_par' dir='ltr' id='par_1_1' title="bbox 672 196 1412 260">
     <span class='ocr_line' id='line_1_1' title="bbox 672 196 1412 260; baseline 0.001 -2"><span class='ocrx_word' id='word_1_1' title='bbox 672 212 813 258; x_wconf 77' lang='lat' dir='ltr'>cannen.</span> <span class='ocrx_word' id='word_1_2' title='bbox 1168 229 1171 236; x_wconf 91' lang='lat'>·</span> <span class='ocrx_word' id='word_1_3' title='bbox 1355 196 1412 260; x_wconf 79' lang='lat'>163</span> 
     </span>
    </p>
   </div>
   <div class='ocr_carea' id='block_1_2' title="bbox 91 310 1436 4636">
    <p class='ocr_par' dir='ltr' id='par_1_2' title="bbox 93 310 1420 872">
     <span class='ocr_line' id='line_1_2' title="bbox 93 310 1420 416; baseline 0.002 -30"><span class='ocrx_word' id='word_1_4' title='bbox 93 312 241 386; x_wconf 87' lang='lat' dir='ltr'>debono</span> <span class='ocrx_word' id='word_1_5' title='bbox 268 310 442 412; x_wconf 79' lang='lat' dir='ltr'>private,</span> <span class='ocrx_word' id='word_1_6' title='bbox 475 311 539 387; x_wconf 91' lang='lat' dir='ltr'>sed</span> <span class='ocrx_word' id='word_1_7' title='bbox 567 311 611 388; x_wconf 91' lang='lat' dir='ltr'>de</span> <span class='ocrx_word' id='word_1_8' title='bbox 638 311 889 415; x_wconf 89' lang='lat' dir='ltr'>eleemosynis</span> <span class='ocrx_word' id='word_1_9' title='bbox 918 312 1109 406; x_wconf 88' lang='lat' dir='ltr'>collectis,</span> <span class='ocrx_word' id='word_1_10' title='bbox 1140 314 1296 416; x_wconf 84' lang='lat' dir='ltr'>praevia</span> <span class='ocrx_word' id='word_1_11' title='bbox 1323 312 1420 416; x_wconf 90' lang='lat' dir='ltr'>Epi-</span> 
     </span>
     <span class='ocr_line' id='line_1_3' title="bbox 95 431 1420 536; baseline 0.003 -30"><span class='ocrx_word' id='word_1_12' title='bbox 95 431 182 534; x_wconf 89' lang='lat' dir='ltr'>scopi</span> <span class='ocrx_word' id='word_1_13' title='bbox 208 431 528 508; x_wconf 79' lang='lat' dir='ltr'>commendatione</span> <span class='ocrx_word' id='word_1_14' title='bbox 557 439 596 508; x_wconf 91' lang='lat' dir='ltr'>et</span> <span class='ocrx_word' id='word_1_15' title='bbox 625 432 755 509; x_wconf 88' lang='lat' dir='ltr'>lavore</span> <span class='ocrx_word' id='word_1_16' title='bbox 782 457 917 536; x_wconf 85' lang='lat' dir='ltr'>operae</span> <span class='ocrx_word' id='word_1_17' title='bbox 945 434 1044 536; x_wconf 89' lang='lat' dir='ltr'>piae.</span> <span class='ocrx_word' id='word_1_18' title='bbox 1076 435 1243 511; x_wconf 88' lang='lat' dir='ltr'>Barbosa</span> <span class='ocrx_word' id='word_1_19' title='bbox 1270 434 1318 510; x_wconf 91' lang='lat' dir='ltr'>de</span> <span class='ocrx_word' id='word_1_20' title='bbox 1334 432 1420 510; x_wconf 91' lang='lat' dir='ltr'>offi-</span> 
     </span>
     <span class='ocr_line' id='line_1_4' title="bbox 94 554 1414 660; baseline 0.001 -30"><span class='ocrx_word' id='word_1_21' title='bbox 94 555 144 630; x_wconf 89' lang='lat' dir='ltr'>cio</span> <span class='ocrx_word' id='word_1_22' title='bbox 167 559 202 630; x_wconf 90' lang='lat' dir='ltr'>et</span> <span class='ocrx_word' id='word_1_23' title='bbox 228 557 367 656; x_wconf 89' lang='lat' dir='ltr'>potest.</span> <span class='ocrx_word' id='word_1_24' title='bbox 399 554 577 657; x_wconf 82' lang='lat' dir='ltr'>Episcopi</span> <span class='ocrx_word' id='word_1_25' title='bbox 599 581 696 658; x_wconf 78' lang='lat' dir='ltr'>par.</span> <span class='ocrx_word' id='word_1_26' title='bbox 728 554 797 632; x_wconf 89' lang='lat' dir='ltr'>HI</span> <span class='ocrx_word' id='word_1_27' title='bbox 821 557 936 660; x_wconf 76' lang='lat' dir='ltr'>alleq.</span> <span class='ocrx_word' id='word_1_28' title='bbox 960 557 1020 630; x_wconf 83' lang='lat'>76·</span> <span class='ocrx_word' id='word_1_29' title='bbox 1043 583 1085 632; x_wconf 86' lang='lat' dir='ltr'>a.</span> <span class='ocrx_word' id='word_1_30' title='bbox 1110 557 1164 632; x_wconf 85' lang='lat'>10</span> <span class='ocrx_word' id='word_1_31' title='bbox 1194 557 1414 636; x_wconf 84' lang='lat' dir='ltr'>‹Pecaaia</span> 
     </span>
     <span class='ocr_line' id='line_1_5' title="bbox 98 675 1418 782; baseline 0.003 -34"><span class='ocrx_word' id='word_1_32' title='bbox 98 687 214 750; x_wconf 83' lang='lat' dir='ltr'>nostra</span> <span class='ocrx_word' id='word_1_33' title='bbox 243 675 418 771; x_wconf 71' lang='lat' dir='ltr'>facienes</span> <span class='ocrx_word' id='word_1_34' title='bbox 447 677 782 778; x_wconf 78' lang='lat' dir='ltr'>qualitercumque</span> <span class='ocrx_word' id='word_1_35' title='bbox 809 691 987 755; x_wconf 80' lang='lat' dir='ltr'>nostram</span> <span class='ocrx_word' id='word_1_36' title='bbox 1016 685 1315 782; x_wconf 73' lang='lat' dir='ltr'>interponamus</span> <span class='ocrx_word' id='word_1_37' title='bbox 1342 704 1418 752; x_wconf 87' lang='lat' dir='ltr'>aa·</span> 
     </span>
     <span class='ocr_line' id='line_1_6' title="bbox 97 803 352 872; baseline 0.004 -2"><span class='ocrx_word' id='word_1_38' title='bbox 97 803 293 872; x_wconf 82' lang='lat' dir='ltr'>ctoritatem</span> <span class='ocrx_word' id='word_1_39' title='bbox 315 821 352 871; x_wconf 72' lang='lat' dir='ltr'>o.</span> 
     </span>
    </p>

    <p class='ocr_par' dir='ltr' id='par_1_3' title="bbox 92 917 1426 2080">
     <span class='ocr_line' id='line_1_7' title="bbox 165 917 1421 1021; baseline 0.002 -29"><span class='ocrx_word' id='word_1_40' title='bbox 165 917 440 1018; x_wconf 75' lang='lat' dir='ltr'>Argumentum</span> <span class='ocrx_word' id='word_1_41' title='bbox 478 917 609 994; x_wconf 86' lang='lat' dir='ltr'>favore</span> <span class='ocrx_word' id='word_1_42' title='bbox 646 942 781 1020; x_wconf 81' lang='lat' dir='ltr'>operae</span> <span class='ocrx_word' id='word_1_43' title='bbox 820 918 903 1021; x_wconf 89' lang='lat' dir='ltr'>piae</span> <span class='ocrx_word' id='word_1_44' title='bbox 940 918 1064 996; x_wconf 89' lang='lat' dir='ltr'>trahit</span> <span class='ocrx_word' id='word_1_45' title='bbox 1091 917 1267 996; x_wconf 85' lang='lat' dir='ltr'>defensor</span> <span class='ocrx_word' id='word_1_46' title='bbox 1304 923 1421 995; x_wconf 88' lang='lat' dir='ltr'>etex</span> 
     </span>
     <span class='ocr_line' id='line_1_8' title="bbox 97 1029 1421 1142; baseline 0.001 -30"><span class='ocrx_word' id='word_1_47' title='bbox 97 1036 269 1139; x_wconf 74' lang='lat' dir='ltr'>frequenti</span> <span class='ocrx_word' id='word_1_48' title='bbox 297 1038 445 1114; x_wconf 90' lang='lat' dir='ltr'>indulto</span> <span class='ocrx_word' id='word_1_49' title='bbox 473 1062 650 1114; x_wconf 87' lang='lat' dir='ltr'>concesso</span> <span class='ocrx_word' id='word_1_50' title='bbox 670 1039 715 1114; x_wconf 91' lang='lat' dir='ltr'>ab</span> <span class='ocrx_word' id='word_1_51' title='bbox 738 1038 926 1141; x_wconf 82' lang='lat' dir='ltr'>Episcopo</span> <span class='ocrx_word' id='word_1_52' title='bbox 952 1029 1172 1142; x_wconf 83' lang='lat' dir='ltr'>presbytero</span> <span class='ocrx_word' id='word_1_53' title='bbox 1197 1039 1309 1132; x_wconf 80' lang='lat' dir='ltr'>Cata,</span> <span class='ocrx_word' id='word_1_54' title='bbox 1340 1038 1421 1138; x_wconf 89' lang='lat' dir='ltr'>qui,</span> 
     </span>
     <span class='ocr_line' id='line_1_9' title="bbox 93 1158 1421 1258; baseline 0.002 -27"><span class='ocrx_word' id='word_1_55' title='bbox 93 1158 197 1234; x_wconf 89' lang='lat' dir='ltr'>etiam</span> <span class='ocrx_word' id='word_1_56' title='bbox 231 1159 272 1234; x_wconf 91' lang='lat' dir='ltr'>in</span> <span class='ocrx_word' id='word_1_57' title='bbox 309 1182 379 1235; x_wconf 89' lang='lat' dir='ltr'>sua</span> <span class='ocrx_word' id='word_1_58' title='bbox 415 1158 587 1234; x_wconf 91' lang='lat' dir='ltr'>absentia</span> <span class='ocrx_word' id='word_1_59' title='bbox 624 1185 646 1235; x_wconf 89' lang='lat' dir='ltr'>a</span> <span class='ocrx_word' id='word_1_60' title='bbox 682 1159 883 1253; x_wconf 88' lang='lat' dir='ltr'>benefici0,</span> <span class='ocrx_word' id='word_1_61' title='bbox 921 1161 1092 1258; x_wconf 74' lang='lat' dir='ltr'>faciebat</span> <span class='ocrx_word' id='word_1_62' title='bbox 1121 1161 1279 1257; x_wconf 82' lang='lat' dir='ltr'>fractas</span> <span class='ocrx_word' id='word_1_63' title='bbox 1310 1184 1421 1238; x_wconf 77' lang='lat' dir='ltr'>raes.</span> 
     </span>
     <span class='ocr_line' id='line_1_10' title="bbox 97 1278 1424 1384; baseline 0.001 -30"><span class='ocrx_word' id='word_1_64' title='bbox 97 1279 180 1354; x_wconf 92' lang='lat' dir='ltr'>Nam</span> <span class='ocrx_word' id='word_1_65' title='bbox 208 1280 239 1355; x_wconf 92' lang='lat' dir='ltr'>si</span> <span class='ocrx_word' id='word_1_66' title='bbox 267 1279 478 1382; x_wconf 84' lang='lat' dir='ltr'>Episcopus</span> <span class='ocrx_word' id='word_1_67' title='bbox 508 1304 583 1356; x_wconf 92' lang='lat' dir='ltr'>non</span> <span class='ocrx_word' id='word_1_68' title='bbox 612 1280 771 1357; x_wconf 90' lang='lat' dir='ltr'>habebat</span> <span class='ocrx_word' id='word_1_69' title='bbox 799 1280 870 1356; x_wconf 92' lang='lat' dir='ltr'>hoc</span> <span class='ocrx_word' id='word_1_70' title='bbox 903 1305 970 1384; x_wconf 91' lang='lat' dir='ltr'>pro</span> <span class='ocrx_word' id='word_1_71' title='bbox 998 1306 1112 1384; x_wconf 89' lang='lat' dir='ltr'>opera</span> <span class='ocrx_word' id='word_1_72' title='bbox 1139 1279 1223 1384; x_wconf 90' lang='lat' dir='ltr'>pia,</span> <span class='ocrx_word' id='word_1_73' title='bbox 1261 1303 1338 1357; x_wconf 91' lang='lat' dir='ltr'>non</span> <span class='ocrx_word' id='word_1_74' title='bbox 1366 1278 1424 1356; x_wconf 89' lang='lat' dir='ltr'>ita</span> 
     </span>
     <span class='ocr_line' id='line_1_11' title="bbox 96 1397 1424 1504; baseline 0.001 -31"><span class='ocrx_word' id='word_1_75' title='bbox 96 1397 298 1500; x_wconf 87' lang='lat' dir='ltr'>frequenter</span> <span class='ocrx_word' id='word_1_76' title='bbox 325 1399 549 1476; x_wconf 79' lang='lat' dir='ltr'>indulsisset</span> <span class='ocrx_word' id='word_1_77' title='bbox 576 1400 696 1476; x_wconf 91' lang='lat' dir='ltr'>eidem</span> <span class='ocrx_word' id='word_1_78' title='bbox 716 1400 927 1504; x_wconf 88' lang='lat' dir='ltr'>paroeciam</span> <span class='ocrx_word' id='word_1_79' title='bbox 951 1399 1211 1502; x_wconf 88' lang='lat' dir='ltr'>derelinquere</span> <span class='ocrx_word' id='word_1_80' title='bbox 1234 1403 1274 1475; x_wconf 91' lang='lat' dir='ltr'>et</span> <span class='ocrx_word' id='word_1_81' title='bbox 1299 1398 1424 1474; x_wconf 89' lang='lat' dir='ltr'>facere</span> 
     </span>
     <span class='ocr_line' id='line_1_12' title="bbox 94 1517 1425 1624; baseline -0.002 -28"><span class='ocrx_word' id='word_1_82' title='bbox 94 1545 170 1597; x_wconf 88' lang='lat' dir='ltr'>suos</span> <span class='ocrx_word' id='word_1_83' title='bbox 201 1521 349 1599; x_wconf 87' lang='lat' dir='ltr'>fructus</span> <span class='ocrx_word' id='word_1_84' title='bbox 381 1521 626 1624; x_wconf 80' lang='lat' dir='ltr'>praebendae.</span> <span class='ocrx_word' id='word_1_85' title='bbox 677 1520 838 1622; x_wconf 91' lang='lat' dir='ltr'>Insuper</span> <span class='ocrx_word' id='word_1_86' title='bbox 873 1519 973 1596; x_wconf 91' lang='lat' dir='ltr'>idem</span> <span class='ocrx_word' id='word_1_87' title='bbox 1007 1519 1105 1597; x_wconf 79' lang='lat' dir='ltr'>Cata</span> <span class='ocrx_word' id='word_1_88' title='bbox 1140 1517 1335 1598; x_wconf 81' lang='lat' dir='ltr'>confessus</span> <span class='ocrx_word' id='word_1_89' title='bbox 1364 1519 1425 1594; x_wconf 89' lang='lat' dir='ltr'>est</span> 
     </span>
     <span class='ocr_line' id='line_1_13' title="bbox 96 1638 1424 1744; baseline -0.002 -28"><span class='ocrx_word' id='word_1_90' title='bbox 96 1639 254 1742; x_wconf 84' lang='lat' dir='ltr'>Reginae</span> <span class='ocrx_word' id='word_1_91' title='bbox 283 1640 514 1744; x_wconf 88' lang='lat' dir='ltr'>Hispaniae,</span> <span class='ocrx_word' id='word_1_92' title='bbox 545 1641 795 1718; x_wconf 79' lang='lat' dir='ltr'>existentiam</span> <span class='ocrx_word' id='word_1_93' title='bbox 823 1640 938 1742; x_wconf 82' lang='lat' dir='ltr'>Asyli</span> <span class='ocrx_word' id='word_1_94' title='bbox 966 1640 1203 1744; x_wconf 84' lang='lat' dir='ltr'>recognitam</span> <span class='ocrx_word' id='word_1_95' title='bbox 1231 1639 1351 1716; x_wconf 85' lang='lat' dir='ltr'>luisse</span> <span class='ocrx_word' id='word_1_96' title='bbox 1378 1638 1424 1715; x_wconf 89' lang='lat' dir='ltr'>ab</span> 
     </span>
     <span class='ocr_line' id='line_1_14' title="bbox 92 1761 1425 1866; baseline -0.001 -29"><span class='ocrx_word' id='word_1_97' title='bbox 92 1763 312 1839; x_wconf 88' lang='lat' dir='ltr'>auctoritate</span> <span class='ocrx_word' id='word_1_98' title='bbox 339 1762 619 1854; x_wconf 90' lang='lat' dir='ltr'>ecclesiastica;</span> <span class='ocrx_word' id='word_1_99' title='bbox 652 1768 691 1839; x_wconf 91' lang='lat' dir='ltr'>et</span> <span class='ocrx_word' id='word_1_100' title='bbox 718 1764 799 1866; x_wconf 91' lang='lat' dir='ltr'>ipse</span> <span class='ocrx_word' id='word_1_101' title='bbox 818 1763 917 1839; x_wconf 91' lang='lat' dir='ltr'>idem</span> <span class='ocrx_word' id='word_1_102' title='bbox 945 1764 1134 1840; x_wconf 82' lang='lat' dir='ltr'>concessit</span> <span class='ocrx_word' id='word_1_103' title='bbox 1154 1761 1341 1865; x_wconf 91' lang='lat' dir='ltr'>Episcopo</span> <span class='ocrx_word' id='word_1_104' title='bbox 1364 1761 1425 1838; x_wconf 91' lang='lat' dir='ltr'>ius</span> 
     </span>
     <span class='ocr_line' id='line_1_15' title="bbox 95 1881 1426 1984; baseline 0.001 -28"><span class='ocrx_word' id='word_1_105' title='bbox 95 1881 303 1959; x_wconf 88' lang='lat' dir='ltr'>nominandi</span> <span class='ocrx_word' id='word_1_106' title='bbox 332 1888 516 1958; x_wconf 88' lang='lat' dir='ltr'>rectorem</span> <span class='ocrx_word' id='word_1_107' title='bbox 546 1882 660 1958; x_wconf 92' lang='lat' dir='ltr'>huius</span> <span class='ocrx_word' id='word_1_108' title='bbox 679 1882 807 1984; x_wconf 82' lang='lat' dir='ltr'>Asyli,</span> <span class='ocrx_word' id='word_1_109' title='bbox 839 1883 987 1984; x_wconf 90' lang='lat' dir='ltr'>quando</span> <span class='ocrx_word' id='word_1_110' title='bbox 1006 1883 1254 1960; x_wconf 82' lang='lat' dir='ltr'>concinnavit</span> <span class='ocrx_word' id='word_1_111' title='bbox 1272 1906 1426 1959; x_wconf 88' lang='lat' dir='ltr'>normas</span> 
     </span>
     <span class='ocr_line' id='line_1_16' title="bbox 95 2001 709 2080; baseline 0 -4"><span class='ocrx_word' id='word_1_112' title='bbox 95 2002 351 2079; x_wconf 87' lang='lat' dir='ltr'>moderatrices</span> <span class='ocrx_word' id='word_1_113' title='bbox 378 2001 492 2080; x_wconf 89' lang='lat' dir='ltr'>huius</span> <span class='ocrx_word' id='word_1_114' title='bbox 520 2001 709 2079; x_wconf 90' lang='lat' dir='ltr'>instituti.</span> 
     </span>
    </p>

    <p class='ocr_par' dir='ltr' id='par_1_4' title="bbox 91 2121 1432 3068">
     <span class='ocr_line' id='line_1_17' title="bbox 164 2121 1429 2224; baseline -0.001 -26"><span class='ocrx_word' id='word_1_115' title='bbox 164 2122 207 2198; x_wconf 90' lang='lat' dir='ltr'>ln</span> <span class='ocrx_word' id='word_1_116' title='bbox 234 2125 322 2199; x_wconf 88' lang='lat' dir='ltr'>tuto</span> <span class='ocrx_word' id='word_1_117' title='bbox 350 2122 473 2224; x_wconf 90' lang='lat' dir='ltr'>posita</span> <span class='ocrx_word' id='word_1_118' title='bbox 501 2127 640 2198; x_wconf 91' lang='lat' dir='ltr'>natura</span> <span class='ocrx_word' id='word_1_119' title='bbox 666 2123 925 2200; x_wconf 91' lang='lat' dir='ltr'>ecclesiastica</span> <span class='ocrx_word' id='word_1_120' title='bbox 952 2122 1089 2223; x_wconf 86' lang='lat' dir='ltr'>Asyli,</span> <span class='ocrx_word' id='word_1_121' title='bbox 1122 2121 1271 2199; x_wconf 87' lang='lat' dir='ltr'>studuit</span> <span class='ocrx_word' id='word_1_122' title='bbox 1298 2125 1429 2198; x_wconf 90' lang='lat' dir='ltr'>orator</span> 
     </span>
     <span class='ocr_line' id='line_1_18' title="bbox 91 2241 1430 2346; baseline 0.002 -31"><span class='ocrx_word' id='word_1_123' title='bbox 91 2241 256 2319; x_wconf 85' lang='lat' dir='ltr'>evincere</span> <span class='ocrx_word' id='word_1_124' title='bbox 286 2242 558 2345; x_wconf 87' lang='lat' dir='ltr'>proprietatem</span> <span class='ocrx_word' id='word_1_125' title='bbox 586 2243 760 2320; x_wconf 90' lang='lat' dir='ltr'>instituti</span> <span class='ocrx_word' id='word_1_126' title='bbox 788 2268 863 2320; x_wconf 92' lang='lat' dir='ltr'>non</span> <span class='ocrx_word' id='word_1_127' title='bbox 892 2269 973 2320; x_wconf 88' lang='lat' dir='ltr'>esse</span> <span class='ocrx_word' id='word_1_128' title='bbox 1002 2242 1101 2346; x_wconf 91' lang='lat' dir='ltr'>apud</span> <span class='ocrx_word' id='word_1_129' title='bbox 1126 2243 1242 2336; x_wconf 80' lang='lat' dir='ltr'>Cata3</span> <span class='ocrx_word' id='word_1_130' title='bbox 1274 2242 1346 2318; x_wconf 91' lang='lat' dir='ltr'>hoc</span> <span class='ocrx_word' id='word_1_131' title='bbox 1364 2241 1430 2318; x_wconf 87' lang='lat' dir='ltr'>de-</span> 
     </span>
     <span class='ocr_line' id='line_1_19' title="bbox 92 2359 1430 2467; baseline 0.003 -33"><span class='ocrx_word' id='word_1_132' title='bbox 92 2359 248 2438; x_wconf 88' lang='lat' dir='ltr'>ducendo</span> <span class='ocrx_word' id='word_1_133' title='bbox 277 2389 302 2438; x_wconf 90' lang='lat' dir='ltr'>a</span> <span class='ocrx_word' id='word_1_134' title='bbox 328 2361 646 2440; x_wconf 87' lang='lat' dir='ltr'>declarationibus</span> <span class='ocrx_word' id='word_1_135' title='bbox 674 2364 794 2467; x_wconf 91' lang='lat' dir='ltr'>ipsius</span> <span class='ocrx_word' id='word_1_136' title='bbox 824 2363 936 2457; x_wconf 83' lang='lat' dir='ltr'>Cata,</span> <span class='ocrx_word' id='word_1_137' title='bbox 968 2368 1007 2439; x_wconf 89' lang='lat' dir='ltr'>et</span> <span class='ocrx_word' id='word_1_138' title='bbox 1031 2390 1054 2439; x_wconf 88' lang='lat' dir='ltr'>a</span> <span class='ocrx_word' id='word_1_139' title='bbox 1076 2363 1314 2439; x_wconf 88' lang='lat' dir='ltr'>documentis</span> <span class='ocrx_word' id='word_1_140' title='bbox 1333 2363 1430 2438; x_wconf 89' lang='lat' dir='ltr'>sori-</span> 
     </span>
     <span class='ocr_line' id='line_1_20' title="bbox 94 2482 1431 2588; baseline -0.001 -31"><span class='ocrx_word' id='word_1_141' title='bbox 94 2482 175 2584; x_wconf 89' lang='lat' dir='ltr'>ptis,</span> <span class='ocrx_word' id='word_1_142' title='bbox 206 2483 340 2586; x_wconf 90' lang='lat' dir='ltr'>quibus</span> <span class='ocrx_word' id='word_1_143' title='bbox 367 2487 514 2560; x_wconf 90' lang='lat' dir='ltr'>certum</span> <span class='ocrx_word' id='word_1_144' title='bbox 543 2491 701 2588; x_wconf 89' lang='lat' dir='ltr'>apparet</span> <span class='ocrx_word' id='word_1_145' title='bbox 728 2485 853 2584; x_wconf 84' lang='lat' dir='ltr'>solnm</span> <span class='ocrx_word' id='word_1_146' title='bbox 879 2488 1049 2586; x_wconf 89' lang='lat' dir='ltr'>emptum</span> <span class='ocrx_word' id='word_1_147' title='bbox 1069 2507 1164 2576; x_wconf 88' lang='lat' dir='ltr'>esse,</span> <span class='ocrx_word' id='word_1_148' title='bbox 1195 2485 1237 2559; x_wconf 89' lang='lat' dir='ltr'>et</span> <span class='ocrx_word' id='word_1_149' title='bbox 1254 2482 1431 2559; x_wconf 89' lang='lat' dir='ltr'>aedifica-</span> 
     </span>
     <span class='ocr_line' id='line_1_21' title="bbox 93 2601 1430 2707; baseline 0.002 -32"><span class='ocrx_word' id='word_1_150' title='bbox 93 2601 226 2678; x_wconf 92' lang='lat' dir='ltr'>tionem</span> <span class='ocrx_word' id='word_1_151' title='bbox 254 2604 469 2706; x_wconf 89' lang='lat' dir='ltr'>inooeptam</span> <span class='ocrx_word' id='word_1_152' title='bbox 499 2603 616 2680; x_wconf 88' lang='lat' dir='ltr'>fuisse</span> <span class='ocrx_word' id='word_1_153' title='bbox 644 2605 895 2707; x_wconf 88' lang='lat' dir='ltr'>eleemosynis</span> <span class='ocrx_word' id='word_1_154' title='bbox 925 2603 1116 2697; x_wconf 86' lang='lat' dir='ltr'>fidelium,</span> <span class='ocrx_word' id='word_1_155' title='bbox 1153 2602 1311 2678; x_wconf 91' lang='lat' dir='ltr'>minime</span> <span class='ocrx_word' id='word_1_156' title='bbox 1337 2625 1430 2678; x_wconf 87' lang='lat' dir='ltr'>vero</span> 
     </span>
     <span class='ocr_line' id='line_1_22' title="bbox 94 2720 1429 2827; baseline 0 -31"><span class='ocrx_word' id='word_1_157' title='bbox 94 2746 170 2798; x_wconf 88' lang='lat' dir='ltr'>aere</span> <span class='ocrx_word' id='word_1_158' title='bbox 196 2723 349 2827; x_wconf 90' lang='lat' dir='ltr'>proprio</span> <span class='ocrx_word' id='word_1_159' title='bbox 377 2726 445 2799; x_wconf 89' lang='lat' dir='ltr'>aut</span> <span class='ocrx_word' id='word_1_160' title='bbox 472 2723 576 2800; x_wconf 88' lang='lat' dir='ltr'>illius</span> <span class='ocrx_word' id='word_1_161' title='bbox 606 2724 788 2802; x_wconf 85' lang='lat' dir='ltr'>familiae.</span> <span class='ocrx_word' id='word_1_162' title='bbox 823 2723 988 2801; x_wconf 81' lang='lat' dir='ltr'>Constat</span> <span class='ocrx_word' id='word_1_163' title='bbox 1006 2724 1110 2799; x_wconf 92' lang='lat' dir='ltr'>enim</span> <span class='ocrx_word' id='word_1_164' title='bbox 1138 2721 1218 2797; x_wconf 91' lang='lat' dir='ltr'>vim</span> <span class='ocrx_word' id='word_1_165' title='bbox 1246 2720 1429 2825; x_wconf 86' lang='lat' dir='ltr'>pecuniae</span> 
     </span>
     <span class='ocr_line' id='line_1_23' title="bbox 93 2841 1432 2945; baseline 0.001 -30"><span class='ocrx_word' id='word_1_166' title='bbox 93 2842 265 2921; x_wconf 90' lang='lat' dir='ltr'>collectae</span> <span class='ocrx_word' id='word_1_167' title='bbox 295 2871 318 2920; x_wconf 92' lang='lat' dir='ltr'>a</span> <span class='ocrx_word' id='word_1_168' title='bbox 347 2844 516 2921; x_wconf 79' lang='lat' dir='ltr'>fidelibus</span> <span class='ocrx_word' id='word_1_169' title='bbox 544 2845 745 2922; x_wconf 89' lang='lat' dir='ltr'>ascendere</span> <span class='ocrx_word' id='word_1_170' title='bbox 773 2845 820 2923; x_wconf 90' lang='lat' dir='ltr'>ad</span> <span class='ocrx_word' id='word_1_171' title='bbox 849 2844 914 2920; x_wconf 90' lang='lat' dir='ltr'>lib.</span> <span class='ocrx_word' id='word_1_172' title='bbox 937 2843 1108 2938; x_wconf 71' lang='lat' dir='ltr'>boone,</span> <span class='ocrx_word' id='word_1_173' title='bbox 1139 2847 1327 2945; x_wconf 90' lang='lat' dir='ltr'>quantum</span> <span class='ocrx_word' id='word_1_174' title='bbox 1355 2841 1432 2918; x_wconf 90' lang='lat' dir='ltr'>oir-</span> 
     </span>
     <span class='ocr_line' id='line_1_24' title="bbox 92 2965 770 3068; baseline 0.003 -30"><span class='ocrx_word' id='word_1_175' title='bbox 92 2965 181 3041; x_wconf 91' lang='lat' dir='ltr'>citer</span> <span class='ocrx_word' id='word_1_176' title='bbox 207 2966 406 3042; x_wconf 89' lang='lat' dir='ltr'>aestimari</span> <span class='ocrx_word' id='word_1_177' title='bbox 436 2969 562 3068; x_wconf 89' lang='lat' dir='ltr'>potest</span> <span class='ocrx_word' id='word_1_178' title='bbox 589 2966 770 3068; x_wconf 91' lang='lat' dir='ltr'>Asylum.</span> 
     </span>
    </p>

    <p class='ocr_par' dir='ltr' id='par_1_5' title="bbox 91 3083 1433 3549">
     <span class='ocr_line' id='line_1_25' title="bbox 166 3083 1431 3189; baseline -0.006 -25"><span class='ocrx_word' id='word_1_179' title='bbox 166 3086 297 3175; x_wconf 86' lang='lat' dir='ltr'>Quoad</span> <span class='ocrx_word' id='word_1_180' title='bbox 326 3085 697 3164; x_wconf 89' lang='lat' dir='ltr'>administrationem</span> <span class='ocrx_word' id='word_1_181' title='bbox 716 3087 830 3164; x_wconf 89' lang='lat' dir='ltr'>huius</span> <span class='ocrx_word' id='word_1_182' title='bbox 849 3086 972 3189; x_wconf 90' lang='lat' dir='ltr'>operis</span> <span class='ocrx_word' id='word_1_183' title='bbox 1001 3083 1431 3185; x_wconf 75' lang='lat' dir='ltr'>defensor&#39;studetpro-</span> 
     </span>
     <span class='ocr_line' id='line_1_26' title="bbox 93 3201 1433 3310; baseline -0.001 -32"><span class='ocrx_word' id='word_1_184' title='bbox 93 3203 185 3298; x_wconf 88' lang='lat' dir='ltr'>bare,</span> <span class='ocrx_word' id='word_1_185' title='bbox 217 3206 483 3308; x_wconf 87' lang='lat' dir='ltr'>presbyterum</span> <span class='ocrx_word' id='word_1_186' title='bbox 509 3205 606 3283; x_wconf 80' lang='lat' dir='ltr'>Cata</span> <span class='ocrx_word' id='word_1_187' title='bbox 634 3231 710 3282; x_wconf 91' lang='lat' dir='ltr'>non</span> <span class='ocrx_word' id='word_1_188' title='bbox 726 3205 928 3310; x_wconf 65' lang='lat' dir='ltr'>„possidere</span> <span class='ocrx_word' id='word_1_189' title='bbox 957 3205 1147 3281; x_wconf 88' lang='lat' dir='ltr'>elementa</span> <span class='ocrx_word' id='word_1_190' title='bbox 1174 3228 1269 3306; x_wconf 91' lang='lat' dir='ltr'>quae</span> <span class='ocrx_word' id='word_1_191' title='bbox 1288 3201 1433 3279; x_wconf 87' lang='lat' dir='ltr'>consti-</span> 
     </span>
     <span class='ocr_line' id='line_1_27' title="bbox 93 3323 1430 3406; baseline 0 -9"><span class='ocrx_word' id='word_1_192' title='bbox 93 3325 201 3402; x_wconf 89' lang='lat' dir='ltr'>tuunt</span> <span class='ocrx_word' id='word_1_193' title='bbox 228 3325 583 3402; x_wconf 87' lang='lat' dir='ltr'>administratorem</span> <span class='ocrx_word' id='word_1_194' title='bbox 612 3327 965 3402; x_wconf 88' lang='lat' dir='ltr'>commendabilem:</span> <span class='ocrx_word' id='word_1_195' title='bbox 1005 3323 1240 3402; x_wconf 80' lang='lat' dir='ltr'>canetenim</span> <span class='ocrx_word' id='word_1_196' title='bbox 1270 3323 1430 3406; x_wconf 78' lang='lat' dir='ltr'>ordine,</span> 
     </span>
     <span class='ocr_line' id='line_1_28' title="bbox 91 3444 1337 3549; baseline 0 -30"><span class='ocrx_word' id='word_1_197' title='bbox 91 3452 304 3524; x_wconf 75' lang='lat' dir='ltr'>sinceritate</span> <span class='ocrx_word' id='word_1_198' title='bbox 330 3449 370 3522; x_wconf 90' lang='lat' dir='ltr'>et</span> <span class='ocrx_word' id='word_1_199' title='bbox 391 3447 624 3549; x_wconf 82' lang='lat' dir='ltr'>prudentia,</span> <span class='ocrx_word' id='word_1_200' title='bbox 655 3452 698 3523; x_wconf 91' lang='lat' dir='ltr'>ut</span> <span class='ocrx_word' id='word_1_201' title='bbox 725 3473 774 3524; x_wconf 89' lang='lat' dir='ltr'>ex</span> <span class='ocrx_word' id='word_1_202' title='bbox 802 3446 970 3524; x_wconf 89' lang='lat' dir='ltr'>eiusdem</span> <span class='ocrx_word' id='word_1_203' title='bbox 999 3446 1096 3522; x_wconf 89' lang='lat' dir='ltr'>actis</span> <span class='ocrx_word' id='word_1_204' title='bbox 1125 3444 1337 3546; x_wconf 84' lang='lat' dir='ltr'>colligitur.</span> 
     </span>
    </p>

    <p class='ocr_par' dir='ltr' id='par_1_6' title="bbox 92 3563 1436 4636">
     <span class='ocr_line' id='line_1_29' title="bbox 165 3563 1433 3671; baseline -0.002 -29"><span class='ocrx_word' id='word_1_205' title='bbox 165 3567 219 3644; x_wconf 90' lang='lat' dir='ltr'>De</span> <span class='ocrx_word' id='word_1_206' title='bbox 246 3567 474 3671; x_wconf 86' lang='lat' dir='ltr'>expulsione</span> <span class='ocrx_word' id='word_1_207' title='bbox 502 3571 630 3644; x_wconf 91' lang='lat' dir='ltr'>antem</span> <span class='ocrx_word' id='word_1_208' title='bbox 666 3568 833 3645; x_wconf 90' lang='lat' dir='ltr'>filiarum</span> <span class='ocrx_word' id='word_1_209' title='bbox 862 3593 894 3642; x_wconf 91' lang='lat' dir='ltr'>s.</span> <span class='ocrx_word' id='word_1_210' title='bbox 921 3567 1097 3643; x_wconf 88' lang='lat' dir='ltr'>Teresiae</span> <span class='ocrx_word' id='word_1_211' title='bbox 1131 3563 1339 3667; x_wconf 89' lang='lat' dir='ltr'>loquend0,</span> <span class='ocrx_word' id='word_1_212' title='bbox 1376 3563 1433 3640; x_wconf 89' lang='lat' dir='ltr'>ait</span> 
     </span>
     <span class='ocr_line' id='line_1_30' title="bbox 92 3681 1435 3789; baseline 0.001 -31"><span class='ocrx_word' id='word_1_213' title='bbox 92 3681 279 3782; x_wconf 85' lang='lat' dir='ltr'>defensor,</span> <span class='ocrx_word' id='word_1_214' title='bbox 312 3712 395 3764; x_wconf 89' lang='lat' dir='ltr'>eam</span> <span class='ocrx_word' id='word_1_215' title='bbox 424 3712 506 3763; x_wconf 87' lang='lat' dir='ltr'>esse</span> <span class='ocrx_word' id='word_1_216' title='bbox 534 3688 718 3764; x_wconf 90' lang='lat' dir='ltr'>iniustam</span> <span class='ocrx_word' id='word_1_217' title='bbox 746 3691 785 3764; x_wconf 90' lang='lat' dir='ltr'>et</span> <span class='ocrx_word' id='word_1_218' title='bbox 813 3692 949 3765; x_wconf 90' lang='lat' dir='ltr'>contra</span> <span class='ocrx_word' id='word_1_219' title='bbox 977 3688 1125 3789; x_wconf 91' lang='lat' dir='ltr'>legem,</span> <span class='ocrx_word' id='word_1_220' title='bbox 1155 3687 1246 3789; x_wconf 91' lang='lat' dir='ltr'>quia</span> <span class='ocrx_word' id='word_1_221' title='bbox 1272 3686 1344 3762; x_wconf 91' lang='lat' dir='ltr'>hae</span> <span class='ocrx_word' id='word_1_222' title='bbox 1373 3709 1435 3760; x_wconf 89' lang='lat' dir='ltr'>re-</span> 
     </span>
     <span class='ocr_line' id='line_1_31' title="bbox 95 3802 1434 3911; baseline 0.004 -34"><span class='ocrx_word' id='word_1_223' title='bbox 95 3802 243 3906; x_wconf 89' lang='lat' dir='ltr'>ligiosae</span> <span class='ocrx_word' id='word_1_224' title='bbox 272 3809 507 3885; x_wconf 88' lang='lat' dir='ltr'>auctoritate</span> <span class='ocrx_word' id='word_1_225' title='bbox 533 3809 736 3911; x_wconf 90' lang='lat' dir='ltr'>episcopali</span> <span class='ocrx_word' id='word_1_226' title='bbox 765 3808 970 3885; x_wconf 91' lang='lat' dir='ltr'>institutae</span> <span class='ocrx_word' id='word_1_227' title='bbox 998 3806 1178 3898; x_wconf 84' lang='lat' dir='ltr'>fuerunt;</span> <span class='ocrx_word' id='word_1_228' title='bbox 1210 3812 1250 3884; x_wconf 92' lang='lat' dir='ltr'>et</span> <span class='ocrx_word' id='word_1_229' title='bbox 1269 3805 1351 3882; x_wconf 91' lang='lat' dir='ltr'>ideo</span> <span class='ocrx_word' id='word_1_230' title='bbox 1369 3831 1434 3882; x_wconf 90' lang='lat' dir='ltr'>ea-</span> 
     </span>
     <span class='ocr_line' id='line_1_32' title="bbox 95 3926 1434 4030; baseline 0.002 -32"><span class='ocrx_word' id='word_1_231' title='bbox 95 3927 256 4005; x_wconf 90' lang='lat' dir='ltr'>rumdem</span> <span class='ocrx_word' id='word_1_232' title='bbox 285 3927 547 4030; x_wconf 83' lang='lat' dir='ltr'>expulsionem</span> <span class='ocrx_word' id='word_1_233' title='bbox 576 3929 658 4004; x_wconf 92' lang='lat' dir='ltr'>fieri</span> <span class='ocrx_word' id='word_1_234' title='bbox 686 3929 857 4005; x_wconf 88' lang='lat' dir='ltr'>debuisse</span> <span class='ocrx_word' id='word_1_235' title='bbox 884 3928 1114 4005; x_wconf 85' lang='lat' dir='ltr'>auctoritate</span> <span class='ocrx_word' id='word_1_236' title='bbox 1141 3927 1310 4004; x_wconf 90' lang='lat' dir='ltr'>eiusdem</span> <span class='ocrx_word' id='word_1_237' title='bbox 1339 3926 1434 4028; x_wconf 89' lang='lat' dir='ltr'>Epi-</span> 
     </span>
     <span class='ocr_line' id='line_1_33' title="bbox 98 4047 1432 4151; baseline 0.004 -33"><span class='ocrx_word' id='word_1_238' title='bbox 98 4048 213 4148; x_wconf 88' lang='lat' dir='ltr'>scopi:</span> <span class='ocrx_word' id='word_1_239' title='bbox 250 4073 343 4125; x_wconf 89' lang='lat' dir='ltr'>nam</span> <span class='ocrx_word' id='word_1_240' title='bbox 371 4049 479 4125; x_wconf 84' lang='lat' dir='ltr'>illias</span> <span class='ocrx_word' id='word_1_241' title='bbox 506 4061 562 4125; x_wconf 84' lang='lat' dir='ltr'>est</span> <span class='ocrx_word' id='word_1_242' title='bbox 588 4051 729 4138; x_wconf 85' lang='lat' dir='ltr'>tollere,</span> <span class='ocrx_word' id='word_1_243' title='bbox 764 4057 877 4126; x_wconf 83' lang='lat' dir='ltr'>cuias</span> <span class='ocrx_word' id='word_1_244' title='bbox 905 4061 960 4126; x_wconf 84' lang='lat' dir='ltr'>est</span> <span class='ocrx_word' id='word_1_245' title='bbox 986 4049 1171 4125; x_wconf 83' lang='lat' dir='ltr'>candere:</span> <span class='ocrx_word' id='word_1_246' title='bbox 1215 4048 1305 4151; x_wconf 89' lang='lat' dir='ltr'>quia</span> <span class='ocrx_word' id='word_1_247' title='bbox 1332 4047 1432 4124; x_wconf 91' lang='lat' dir='ltr'>hanc</span> 
     </span>
     <span class='ocr_line' id='line_1_34' title="bbox 97 4167 1433 4271; baseline 0.004 -33"><span class='ocrx_word' id='word_1_248' title='bbox 97 4168 256 4244; x_wconf 89' lang='lat' dir='ltr'>eamdem</span> <span class='ocrx_word' id='word_1_249' title='bbox 284 4170 556 4246; x_wconf 86' lang='lat' dir='ltr'>auctoritatem</span> <span class='ocrx_word' id='word_1_250' title='bbox 575 4170 736 4271; x_wconf 88' lang='lat' dir='ltr'>requirit</span> <span class='ocrx_word' id='word_1_251' title='bbox 755 4169 956 4246; x_wconf 90' lang='lat' dir='ltr'>Articulus</span> <span class='ocrx_word' id='word_1_252' title='bbox 981 4167 1052 4246; x_wconf 87' lang='lat'>131</span> <span class='ocrx_word' id='word_1_253' title='bbox 1075 4171 1312 4245; x_wconf 87' lang='lat' dir='ltr'>statutorum</span> <span class='ocrx_word' id='word_1_254' title='bbox 1339 4192 1433 4269; x_wconf 92' lang='lat' dir='ltr'>syn-</span> 
     </span>
     <span class='ocr_line' id='line_1_35' title="bbox 96 4283 1434 4393; baseline 0.004 -33"><span class='ocrx_word' id='word_1_255' title='bbox 96 4283 254 4365; x_wconf 88' lang='lat' dir='ltr'>odalium</span> <span class='ocrx_word' id='word_1_256' title='bbox 297 4289 487 4367; x_wconf 87' lang='lat' dir='ltr'>Dioecesis</span> <span class='ocrx_word' id='word_1_257' title='bbox 527 4289 739 4367; x_wconf 88' lang='lat' dir='ltr'>cranensis.</span> <span class='ocrx_word' id='word_1_258' title='bbox 786 4292 875 4383; x_wconf 91' lang='lat' dir='ltr'>Ast,</span> <span class='ocrx_word' id='word_1_259' title='bbox 907 4289 1149 4393; x_wconf 87' lang='lat' dir='ltr'>prosequitur</span> <span class='ocrx_word' id='word_1_260' title='bbox 1176 4288 1368 4383; x_wconf 84' lang='lat' dir='ltr'>defensor,</span> <span class='ocrx_word' id='word_1_261' title='bbox 1399 4287 1434 4365; x_wconf 92' lang='lat' dir='ltr'>si</span> 
     </span>
     <span class='ocr_line' id='line_1_36' title="bbox 96 4407 1436 4512; baseline 0.004 -31"><span class='ocrx_word' id='word_1_262' title='bbox 96 4408 261 4511; x_wconf 88' lang='lat' dir='ltr'>expulsio</span> <span class='ocrx_word' id='word_1_263' title='bbox 290 4407 367 4486; x_wconf 86' lang='lat' dir='ltr'>luit</span> <span class='ocrx_word' id='word_1_264' title='bbox 402 4411 547 4488; x_wconf 90' lang='lat' dir='ltr'>iniusta</span> <span class='ocrx_word' id='word_1_265' title='bbox 581 4414 620 4487; x_wconf 90' lang='lat' dir='ltr'>et</span> <span class='ocrx_word' id='word_1_266' title='bbox 648 4418 784 4488; x_wconf 89' lang='lat' dir='ltr'>contra</span> <span class='ocrx_word' id='word_1_267' title='bbox 812 4410 957 4512; x_wconf 88' lang='lat' dir='ltr'>legem,</span> <span class='ocrx_word' id='word_1_268' title='bbox 998 4410 1080 4486; x_wconf 91' lang='lat' dir='ltr'>ideo</span> <span class='ocrx_word' id='word_1_269' title='bbox 1113 4409 1188 4486; x_wconf 87' lang='lat' dir='ltr'>fuit</span> <span class='ocrx_word' id='word_1_270' title='bbox 1217 4409 1354 4506; x_wconf 91' lang='lat' dir='ltr'>irrita,</span> <span class='ocrx_word' id='word_1_271' title='bbox 1392 4413 1436 4486; x_wconf 91' lang='lat' dir='ltr'>et</span> 
     </span>
     <span class='ocr_line' id='line_1_37' title="bbox 97 4523 1233 4636; baseline 0.006 -37"><span class='ocrx_word' id='word_1_272' title='bbox 97 4523 189 4605; x_wconf 87' lang='lat' dir='ltr'>filiae</span> <span class='ocrx_word' id='word_1_273' title='bbox 216 4555 248 4606; x_wconf 91' lang='lat' dir='ltr'>s.</span> <span class='ocrx_word' id='word_1_274' title='bbox 273 4531 449 4608; x_wconf 88' lang='lat' dir='ltr'>Teresiae</span> <span class='ocrx_word' id='word_1_275' title='bbox 477 4529 792 4636; x_wconf 88' lang='lat' dir='ltr'>redintegrandae</span> <span class='ocrx_word' id='word_1_276' title='bbox 821 4529 982 4607; x_wconf 90' lang='lat' dir='ltr'>suntin</span> <span class='ocrx_word' id='word_1_277' title='bbox 1010 4530 1233 4632; x_wconf 91' lang='lat' dir='ltr'>pristinum.</span> 
     </span>
    </p>
   </div>
   <div class='ocr_carea' id='block_1_3' title="bbox 0 0 1840 5216">
    <p class='ocr_par' dir='ltr' id='par_1_7' title="bbox 0 0 1840 5216">
     <span class='ocr_line' id='line_1_38' title="bbox 0 0 1840 5216; baseline 0 0"><span class='ocrx_word' id='word_1_278' title='bbox 0 0 1840 5216; x_wconf 95' lang='lat' dir='ltr'> </span> 
     </span>
    </p>
   </div>
  </div>
 </body>
</html>
