3672 5216
353 249 409 314 lue
907 245 1141 314 nisxnunnma

351 369 489 444 sidium
517 369 695 446 inducere
733 373 905 472 possunt.
951 369 1105 446 Recolit
1137 369 1240 445 enim
1268 369 1423 464 orator,
1459 371 1690 446 sententiam

350 493 512 591 quatuor
540 494 648 566 actus
676 489 902 592 parochialis
931 490 1203 566 iurisdictionis
1233 515 1300 593 pro
1328 490 1489 593 parocho
1518 491 1558 567 S.
1581 492 1693 567 loan-

350 612 411 688 nis
440 611 656 704 admisisse,
702 611 910 712 horumque
948 611 1202 711 antiquiorem
1239 612 1335 688 diem
1375 611 1606 714 praeseferre
1639 613 1692 693 23

299 731 306 747 ¹
351 734 521 834 Augusti
554 733 670 809 1885.
702 732 833 820 Quoad
866 755 957 807 vero
985 733 1238 832 antiquiorem
1273 734 1560 834 possessionem,
1592 733 1693 808 hanc

350 879 468 932 unum
497 853 710 932 aediticium
739 853 924 955 respicere
944 851 1013 944 ait,
1036 853 1132 953 quod
1161 853 1280 955 vulgo
1307 853 1501 930 dicebatur
1532 854 1694 930 ‹casci-
1755 845 1757 850 ’

352 977 462 1050 notto
490 971 801 1073 dell'artiglieria
824 1004 860 1065 »,
900 971 1044 1072 dequo
1074 979 1267 1072 geometra
1296 973 1509 1075 Oallegaris
1539 973 1690 1050 retulit:

245 1087 247 1090 ’
351 1117 535 1196 occupare
563 1117 692 1168 aream
722 1097 833 1168 metr.
864 1090 945 1168 450
973 1092 1087 1181 cirea,
1119 1099 1158 1168 et
1187 1093 1328 1169 distare
1358 1095 1458 1172 circa
1489 1092 1566 1172 160
1593 1099 1688 1170 met.

351 1217 395 1292 ab
423 1216 579 1314 antiquo
607 1213 864 1297 munitionum
893 1201 1052 1306 ambitu,
1085 1239 1185 1290 nunc
1200 1239 1432 1291 eversarum.
1466 1215 1520 1292 Ibi
1544 1219 1691 1308 autern,

353 1335 596 1438 municipalis
634 1335 843 1410 auotoritas
881 1339 1068 1426 testatur,
1101 1335 1241 1410 morari
1279 1361 1380 1411 nunc
1417 1339 1569 1412 tantum
1599 1335 1694 1411 duas

353 1480 547 1558 personas.
580 1454 798 1545 Praeterea,
835 1455 961 1556 pergit
994 1459 1144 1548 orator,
1176 1460 1285 1532 actus
1314 1456 1441 1557 plures
1470 1483 1493 1532 a
1528 1439 1694 1558 parocho

354 1577 393 1653 S.
426 1576 581 1652 Ioannis
609 1576 655 1650 ad
683 1575 909 1650 exercitium
938 1577 997 1672 sui
1027 1575 1196 1652 muneris
1216 1576 1286 1652 hoc
1313 1577 1354 1652 in
1384 1577 1464 1652 loco
1492 1576 1696 1652 ostenden-

351 1697 441 1771 dum
469 1695 642 1796 allegati,
676 1695 708 1769 si
737 1695 973 1788 dividantur,
1005 1721 1052 1771 ne
1086 1721 1184 1772 unus
1213 1695 1363 1796 quidem
1401 1697 1601 1773 annuatim
1631 1720 1697 1771 su-

352 1819 493 1918 perest.
526 1816 638 1894 Unde
658 1815 863 1900 concludit,
889 1816 1104 1918 longissimi
1125 1815 1305 1919 temporis
1326 1818 1599 1918 possessionem
1619 1818 1696 1892 ine-

351 1941 416 2040 pte
445 1936 631 2028 invocari,
663 1961 749 2010 cum
778 1937 981 2040 pluralitas
1010 1942 1165 2014 actuum
1194 1941 1239 2013 ad
1261 1938 1532 2040 possessionem
1561 1943 1601 2013 et
1629 1939 1695 2014 ob-

353 2057 589 2134 servantium
617 2058 848 2158 requiratur,
871 2057 918 2132 ad
936 2082 981 2134 ca
1000 2071 1095 2158 quae
1124 2059 1235 2134 habet
1263 2057 1460 2160 Gagliardi
1482 2058 1538 2133 Dc
1558 2057 1581 2132 I
1582 2087 1692 2160 urap.

354 2191 446 2255 torri.
482 2179 519 2262 1,
551 2206 637 2280 cup).
670 2179 707 2267 7,
734 2205 847 2255 retine.
869 2179 910 2252 ὅ.
944 2179 1122 2256 Ceterum
1152 2185 1191 2255 et
1220 2177 1406 2282 parochus
1427 2179 1465 2255 S.
1490 2180 1693 2255 Laurentii

354 2304 521 2376 testatur
557 2299 736 2376 «d'aver
764 2296 972 2376 'benedetto
1010 2300 1073 2377 nel
1106 2302 1235 2377 sabato
1274 2306 1384 2376 santo
1420 2301 1448 2376 il
1482 2301 1696 2376 cascinotto

333 2421 458 2512 ¹detto
485 2420 798 2522 dell’artiglieria
826 2420 888 2496 dal
922 2420 1025 2498 1840
1048 2421 1084 2496 al
1109 2421 1211 2496 1845
1239 2421 1354 2513 circa,
1386 2445 1492 2496 come
1519 2423 1700 2522 apparte-

353 2551 468 2622 nente
497 2545 577 2621 alla
605 2545 825 2647 parroechia
852 2546 888 2626 di
911 2545 950 2622 S.
974 2547 1157 2635 Lorenzo,
1179 2575 1197 2618 ›
1221 2548 1327 2646 eique
1349 2546 1489 2621 Petrus
1513 2542 1695 2620 hlolinari

353 2665 418 2766 qui
446 2664 556 2741 illum
575 2666 780 2766 comitatus
802 2665 891 2756 fuit,
913 2665 1267 2762 editotestimonio,
1292 2667 1401 2767 plene
1420 2666 1692 2770 adstipulatur.

354 2784 499 2872 Quibus
528 2783 677 2886 positia,
710 2789 894 2860 memorat
923 2789 1105 2887 patronus
1143 2786 1184 2860 in
1221 2786 1303 2860 iure
1340 2789 1576 2888 compertum
1614 2807 1697 2859 esse

291 2999 295 3006 1
354 2904 418 2980 vel
448 2905 558 2980 unico
586 2904 778 2980 contrario
796 2909 885 2980 actu
904 2905 1151 3006 possessionis
1170 2904 1234 2980 vel
1253 2905 1517 2980 observantiae
1540 2927 1694 2978 cursum

353 3022 485 3098 deleri.
513 3055 530 3092 «
550 3021 804 3100 Obseruantia
823 3024 924 3100 enim
945 3023 1164 3100 excluditur
1180 3026 1297 3100 etiarn
1312 3049 1378 3126 per
1394 3025 1547 3099 unicum
1567 3027 1695 3099 actum

274 3181 275 3184 ¹
353 3143 624 3235 difformem,»
658 3145 714 3218 uti
743 3145 871 3220 docuit
899 3144 1004 3220 Rota
1033 3145 1072 3219 in
1102 3145 1216 3220 decis.
1246 3145 1343 3224 260,
1376 3172 1417 3218 u.
1447 3144 1517 3223 21,
1542 3171 1587 3245 p.
1623 3143 1688 3226 13,

353 3269 392 3336 et
420 3263 663 3338 confirmavit
692 3263 731 3338 in
760 3264 838 3338 der.
861 3263 958 3346 311),
981 3291 1022 3337 n.
1046 3264 1115 3356 37,
1140 3277 1249 3366 part.
1276 3265 1339 3348 11,
1365 3265 1444 3337 der.
1467 3264 1535 3342 (55.
1559 3291 1600 3337 u.
1626 3265 1694 3348 11,

346 3409 394 3485 p.
431 3383 494 3463 15,
526 3383 602 3462 (lec.
630 3383 727 3467 327,
760 3411 873 3460 rrum.
903 3385 974 3468 Ξῖ,
999 3413 1044 3488 p.
1075 3385 1142 3465 17,
1171 3397 1205 3460 rt
1234 3387 1312 3460 dcc.
1342 3383 1439 3462 213.
1474 3411 1585 3458 uerat.
1625 3383 1694 3467 13,

229 3519 232 3526 ’
345 3530 392 3607 p.
426 3503 493 3586 19,
526 3516 548 3582 t.
581 3505 620 3577 1.
652 3503 783 3591 Quoad
804 3507 1009 3606 parochum
1038 3504 1077 3582 S.
1098 3503 1321 3596 Alexandri,
1345 3503 1463 3579 refert
1481 3508 1624 3596 orator,
1648 3502 1696 3578 il·

354 3624 434 3698 lum
453 3623 755 3702 iurisdictionem
785 3652 931 3728 semper
951 3626 1125 3702 habuisse
1145 3626 1184 3701 in
1205 3627 1356 3701 aedibus
1376 3625 1494 3724 vulgo
1525 3624 1698 3700 ‹tettoie

355 3743 516 3820 militari
543 3776 559 3815 »
592 3771 705 3849 super
732 3747 977 3848 antiquarum
1006 3746 1196 3820 moenium
1221 3745 1363 3821 ambitu
1394 3745 1546 3837 erectis,
1569 3745 1694 3846 idque,

353 3865 548 3968 exipsius
578 3868 731 3969 parochi
769 3869 1017 3944 attestatione
1052 3867 1300 3968 comprobari.
1342 3865 1547 3943 Concludit
1575 3866 1698 3966 igitur

353 3987 626 4086 possessionem
669 3990 783 4064 unius
811 3987 1060 4064 domunculae
1099 3985 1199 4061 haud
1238 3987 1414 4062 inducere
1443 4010 1550 4089 posse
1589 4011 1699 4087 prae-

353 4107 600 4208 scriptionem
628 4109 748 4208 quoad
777 4108 1015 4183 territorium
1048 4131 1267 4183 eversarum
1295 4108 1552 4183 munitionum
1587 4108 1699 4182 iuxta

352 4227 595 4302 notissimum
623 4227 779 4303 effatum
813 4233 1005 4304 «tantum
1036 4229 1312 4330 praescriptum
1341 4231 1526 4328 quantum
1556 4251 1698 4330 posses-

353 4369 477 4422 sum»
510 4348 565 4422 De
595 4347 771 4448 Angelis
805 4360 831 4424 e.
867 4349 936 4423 ult.
962 4361 1073 4450 port.
1103 4349 1143 4435 2,
1169 4374 1216 4450 p.
1238 4349 1335 4425 211.
1368 4349 1549 4425 Ceterum
1578 4349 1699 4424 nemi-

355 4491 442 4542 nem
471 4468 591 4543 latere
619 4468 688 4562 ait,
708 4469 803 4544 fines
832 4469 1091 4571 paroeciarum
1122 4493 1168 4543 ne
1197 4467 1382 4544 saeculari
1412 4468 1559 4568 quidem
1590 4469 1699 4572 lapsu

351 4589 643 4690 praescriptioni
677 4590 855 4666 obnoxios
893 4615 992 4686 esse,
1026 4588 1171 4683 veluti,
1203 4589 1339 4664 ceteris
1369 4589 1518 4683 missis,
1561 4589 1697 4666 docent
