3674 5264
663 280 665 284 .
718 229 875 274 mersans
991 287 995 298 .
1433 209 1470 273 77

130 329 385 398 conciliandae
410 329 632 400 concordiae
657 335 692 398 et
715 332 819 417 pacis
843 350 950 416 quae,
976 332 1070 400 cll-rtis
1099 331 1233 399 iterum
1266 332 1475 418 iterumque

133 434 266 522 litteris,
293 437 455 505 cordatis
483 437 562 504 istic
593 437 769 514 omnibus
801 425 1005 524 probisque
1036 437 1124 505 viris
1154 438 1263 505 enixe
1287 455 1477 518 commen-

131 543 320 612 davimus.
346 543 527 631 Equidem
553 542 667 612 felicis
691 544 807 612 instar
830 545 965 612 ominis
989 544 1076 611 illud
1102 544 1289 613 babemus
1309 543 1408 631 (litori
1427 543 1476 610 iu-

132 650 333 738 telligimus
357 651 509 719 rationis
538 651 694 720 vocibus
724 651 858 720 cedere
888 649 1002 720 falsas
1033 651 1264 738 opinationes
1289 651 1476 719 mentibus

31 751 34 754 ’
132 757 266 826 inditas
290 759 337 826 de
361 758 526 826 Ecclesia
551 758 658 845 (quasi
675 759 723 826 sit
737 759 857 845 gentis
874 758 1107 845 prosperitati
1131 757 1282 836 infensa,
1306 757 1476 844 ultroque

131 864 177 932 ad
202 860 486 950 temperatiores
510 884 648 934 sensus
671 866 866 952 aequitatis
883 865 978 950 ferri,
997 885 1084 934 eum
1099 867 1199 936 vinis
1216 866 1346 943 acriori
1372 885 1478 952 prae·

134 973 232 1041 ditos
257 973 414 1060 ingenio,
441 977 518 1040 tum
543 971 747 1058 populares
772 973 944 1042 homines
968 973 1030 1060 qui
1054 973 1243 1060 simplices
1259 977 1391 1059 suapte
1416 992 1478 1040 na·

135 1085 217 1148 tura
232 1079 280 1148 ad
298 1086 397 1148 recte
413 1079 649 1148 sentiendum
667 1077 845 1148 seruntur.
861 1079 900 1148 ld
917 1079 1051 1147 laetam
1064 1079 1180 1147 Nobis
1197 1099 1303 1166 spem
1313 1069 1480 1148 ¹ostendit

133 1186 221 1254 lelix
239 1186 327 1254 illud
345 1192 457 1273 atque
474 1185 747 1273 optatissimum
765 1193 915 1271 tempus
931 1189 1106 1270 appetere
1122 1184 1262 1263 solidae
1279 1187 1382 1272 pacis
1399 1203 1475 1272 qno

131 1313 226 1381 gens
251 1294 387 1362 Gallica
413 1293 533 1392 possit
561 1291 752 1378 dispersas
785 1275 883 1363 vires
913 1291 1096 1378 colligere,
1130 1311 1269 1380 easque
1301 1293 1349 1361 ad
1381 1301 1481 1360 coni·

134 1421 252 1470 mune
276 1401 419 1469 bonum
444 1400 662 1468 coniunctas
686 1398 888 1466 intendero.
905 1399 1048 1466 Verum
1073 1400 1136 1468 etsi
1163 1399 1295 1468 merito
1311 1420 1360 1468 ex
1376 1400 1478 1468 bisce

138 1508 302 1576 iucunde
326 1507 545 1589 afficiamur,
571 1506 693 1574 lacere
717 1510 841 1574 tamen
867 1523 941 1574 non
967 1525 1174 1593 possumus
1198 1508 1288 1594 quin
1304 1526 1417 1596 aegre
1433 1506 1481 1576 fe

137 1633 268 1684 ramus
293 1614 531 1701 graviterque
557 1612 816 1698 improbemus
839 1613 1092 1698 (prorumdam
1118 1633 1266 1698 ausum,
1280 1615 1343 1701 qui
1358 1615 1481 1683 catbo-

139 1724 250 1792 licum
276 1741 414 1790 nomen
440 1717 736 1808 praeseferentes
760 1723 795 1788 et
819 1737 989 1788 amorem
1017 1721 1138 1789 atritae
1162 1721 1357 1809 religionis,
1374 1721 1421 1789 ita
1437 1739 1481 1790 se

139 1831 300 1918 partium
327 1829 458 1896 studiis
482 1827 597 1914 abripi
623 1827 759 1909 sinunt,
785 1831 824 1894 ut
848 1828 1069 1913 procacibus
1101 1829 1247 1914 scriptis
1277 1829 1312 1895 in
1342 1827 1481 1915 vulgus

139 1937 244 2004 editis
271 1935 449 2004 uiolenter
472 1934 635 2003 auc‘leaut
660 1934 759 2000 viros
783 1934 962 2020 impetere
986 1935 1048 2021 qui
1080 1935 1293 2021 praecelsas
1316 1936 1482 2004 obtinent

137 2043 172 2110 in
197 2043 362 2111 Ecclesia
391 2041 453 2110 Dei
478 2040 685 2128 dignitates,
711 2058 780 2107 nec
804 2039 929 2125 ipsum
953 2059 1175 2127 supremum
1194 2041 1403 2110 antistitem
1420 2061 1484 2110 ex-

136 2155 283 2238 pertem
309 2148 443 2216 iaciant
466 2147 642 2234 conviciis
666 2148 756 2216 suis.
781 2147 861 2212 lmo
886 2145 953 2214 etsi
976 2147 1019 2214 iis
1044 2147 1160 2233 probe
1185 2167 1347 2234 gnarum
1367 2149 1421 2232 sit,
1438 2167 1480 2216 se

137 2257 225 2324 nibil
244 2255 318 2324 boe
341 2255 485 2324 tramite
499 2254 659 2341 assequi,
678 2272 753 2340 quo
770 2253 891 2340 magis
907 2271 1022 2322 causa
1040 2253 1183 2338 politica
1200 2273 1316 2340 <quam
1332 2258 1483 2322 tuentur

137 2361 316 2450 proficiat
343 2361 414 2428 boc
438 2365 563 2432 tamen
597 2359 672 2428 tino
704 2359 870 2445 gaudere
901 2358 1073 2426 videntur
1097 2357 1217 2427 fructu
1251 2360 1388 2428 laboris
1411 2361 1480 2444 sui,

139 2469 240 2558 crrrcul
267 2467 462 2536 conatibus
486 2466 628 2534 Nostris
652 2484 799 2534 meram
824 2469 935 2552 atque
960 2463 1224 2550 impedimenta
1249 2466 1383 2536 inferre
1399 2486 1484 2553 pos·

142 2577 222 2657 sint,
248 2595 293 2643 ac
317 2574 470 2642 salutari
494 2573 674 2640 obsistere
698 2573 938 2658 propensioni
969 2573 1181 2640 animorum
1217 2573 1279 2660 qui
1304 2572 1389 2642 sessi
1413 2575 1484 2642 dis-

141 2683 243 2750 sidiis
260 2682 308 2750 acl
327 2697 460 2766 pacem
477 2680 662 2748 inclinant.
684 2681 807 2759 Quare
824 2699 870 2748 ne
888 2679 922 2746 id
941 2679 1086 2748 eveniat
1101 2680 1136 2746 in
1155 2699 1231 2766 quo
1247 2679 1328 2767 ipsa
1345 2681 1484 2750 Galliae

140 2788 245 2858 salus
277 2787 344 2855 sita
376 2791 441 2869 est,
471 2792 693 2872 praeoptant
726 2786 884 2854 invicem
916 2786 1069 2855 distrabi
1100 2786 1357 2856 dissentientes
1386 2785 1484 2856 lilios

143 2893 303 2963 familiae
327 2893 507 2975 eiusdem,
533 2912 577 2960 ac
599 2890 805 2962 fraternum
832 2898 1020 2963 ceramico
1046 2893 1183 2962 diutius
1202 2895 1363 2979 perduci
1394 2913 1483 2962 cum

143 3001 280 3088 ingenti
307 3001 446 3086 patriae
471 3005 506 3069 et
531 2999 716 3088 religionis
740 3000 910 3086 pernicie.

232 3108 414 3195 Equidem
446 3109 534 3194 quid
567 3109 692 3177 auimo
724 3107 993 3176 intenderimus
1024 3127 1143 3194 quum
1175 3108 1337 3176 amicum
1367 3112 1487 3194 pater·

142 3235 312 3304 numque
337 3215 542 3302 alloquium
567 3233 675 3284 sacro
700 3234 915 3302 congruens
945 3213 1147 3282 ministerio
1178 3215 1313 3282 Nostro
1337 3214 1384 3282 ad
1412 3212 1486 3300 gal-

142 3325 252 3392 licam
277 3328 425 3410 gentem
460 3322 723 3406 convertimus,
749 3323 888 3390 nemini
922 3321 996 3409 iam
1027 3321 1232 3390 obscurum
1257 3339 1341 3390 esse
1364 3324 1485 3406 potest

145 3431 202 3500 rel
218 3449 372 3516 anceps.
397 3429 576 3498 Diuturna
603 3429 829 3514 experientia
856 3429 1054 3516 perspicue
1070 3429 1397 3496 docuerat-omnes
1412 3432 1486 3496 sta·

146 3543 224 3606 tum
249 3536 406 3606 civitatis
430 3535 475 3604 ita
500 3534 579 3602 istic
603 3535 852 3617 immutatum,
878 3539 917 3601 ut
941 3534 977 3600 in
1002 3535 1189 3619 praesenti
1213 3551 1340 3602 rerum
1364 3532 1487 3600 condi-

143 3646 243 3713 tione
268 3643 370 3712 baud
395 3647 522 3728 posset
537 3643 618 3709 sine
638 3641 742 3728 grari
759 3641 1035 3728 perturbatione
1052 3641 1098 3709 ad
1115 3640 1307 3726 pristinam
1322 3637 1484 3708 formam

148 3751 294 3820 reverti.
318 3748 504 3817 Catholica
530 3748 666 3836 religia,
693 3767 809 3834 cretam
833 3748 949 3830 multi,
973 3747 1055 3816 licet
1084 3747 1278 3831 immerito,
1303 3746 1488 3814 existima·

149 3858 237 3926 bant
259 3855 388 3924 fovere
413 3855 581 3924 intestina
607 3855 760 3926 dissidia
775 3856 810 3923 in
828 3873 1024 3924 summum
1047 3853 1252 3922 vocabatur
1269 3852 1484 3937 discrimem

150 3964 412 4032 vexationibus
436 3963 472 4030 in
497 3963 577 4032 dies
606 3963 811 4032 acrioribus
843 3962 1006 4030 obnoxia
1036 3959 1150 4030 fiebat
1179 3959 1352 4029 Ecclesia.
1385 3961 1488 4027 Haec

150 4071 258 4157 plane
285 4077 391 4140 erant
415 4070 600 4139 eiusmodi
616 4089 713 4158 quae
730 4069 919 4138 neminem
946 4068 1057 4136 latere
1081 4072 1245 4154 possent.
1262 4067 1433 4134 lamrero
1449 4065 1487 4132 in

149 4197 190 4246 ea
216 4196 345 4246 rerum
371 4177 568 4264 asperitate
592 4178 680 4262 Nos,
705 4195 868 4264 quorum
893 4179 948 4246 est
971 4173 1158 4261 religionis
1192 4192 1365 4242 summas
1393 4173 1488 4240 tueri

150 4288 320 4370 rationes
334 4286 400 4354 etsi
425 4287 535 4372 plane
560 4285 744 4352 sciremus
768 4283 906 4351 nemini
930 4282 1075 4368 absque
1100 4281 1300 4352 temeritate
1323 4278 1379 4348 fas
1403 4298 1489 4347 esse

150 4399 323 4460 coercere
347 4389 486 4459 duilius
510 4392 693 4460 actionem
718 4390 971 4476 providentiae
995 4389 1060 4456 Dei
1084 4389 1120 4455 in
1144 4387 1289 4456 suturas
1322 4387 1486 4478 gentium

150 4503 279 4583 sortes,
305 4517 375 4566 nec
399 4499 514 4567 Nobis
537 4499 574 4566 in
599 4501 723 4566 mente
747 4495 855 4565 luerit
878 4497 1015 4564 cirimn
1040 4494 1188 4564 laedere
1209 4479 1358 4563 intimos
1375 4494 1488 4562 animi
