3694 5230
722 346 931 392 cousulens.
1438 332 1499 394 225

142 443 303 524 Curiam
334 450 645 527 cameracensem
674 447 811 542 adivit,
843 449 889 524 ad
918 473 1030 550 quam
1059 451 1138 553 ipse
1165 449 1394 553 pertinebat,
1434 477 1500 555 pe-

142 571 229 644 tens
259 573 305 644 ut
334 567 622 644 matrimonium
650 594 761 645 suum
798 569 1057 647 declararetur
1084 570 1239 648 irritum
1272 577 1311 647 et
1344 571 1493 649 nullum

142 688 186 764 ob
215 689 469 791 impotentiae
497 687 823 791 impedimentum.
859 689 1177 793 Archiepisoopus
1207 690 1493 772 Cameracensis

143 807 341 912 delegavit
360 809 537 904 iudicem,
564 808 683 914 elegit
701 809 936 888 defensorem
956 804 1206 904 matrimonii,
1237 816 1276 888 et
1298 837 1494 916 processus

146 927 224 1006 fuit
251 928 468 1006 inchoatus.
500 928 573 1005 Vir
601 955 709 1006 suam
737 929 1011 1034 depositionem
1042 930 1148 1024 fecit,
1179 917 1296 1009 testes
1315 933 1498 1036 septimae

145 1075 285 1128 manus
313 1050 435 1128 auditi
464 1055 574 1143 sunt,
606 1075 654 1127 ex
681 1054 791 1153 parte
819 1051 964 1154 sponsi,
993 1074 1069 1127 non
1096 1075 1145 1126 ex
1173 1057 1280 1154 parte
1308 1053 1494 1151 mulieris,

144 1177 185 1246 et
213 1171 444 1250 medicorum
471 1170 658 1275 inspectio
686 1175 839 1248 tanturn
867 1196 935 1273 pro
965 1174 1072 1273 parte
1096 1170 1172 1246 viri
1200 1171 1276 1248 fuit
1304 1173 1491 1252 confecta.

228 1291 372 1368 Mulier
399 1296 537 1368 autem-
564 1315 634 1367 neo
668 1291 709 1368 in
738 1316 851 1368 cansa
888 1295 975 1368 acta
1002 1315 1127 1367 coram
1157 1291 1253 1369 laico
1282 1294 1492 1390 tribunali,

144 1438 216 1490 nec
243 1413 285 1489 in
314 1436 492 1516 processu
518 1411 654 1489 iudicis
673 1411 922 1490 ecclesiastici
950 1411 1087 1515 inspici
1114 1413 1363 1516 corporaliter
1381 1441 1495 1519 passa

142 1537 221 1627 est,
252 1557 322 1609 nec
341 1535 460 1609 testes
489 1532 686 1635 proposuit
704 1532 889 1634 septimae
910 1557 1064 1628 manus,
1095 1557 1164 1609 neo
1184 1557 1352 1634 unquam
1371 1560 1498 1614 coram

145 1653 271 1730 iudice
300 1654 436 1732 sistere
464 1651 605 1729 voluit.
1131 1751 1134 1757 Ι
1446 1725 1451 1735 Δ

228 1774 329 1850 Hinc
356 1767 554 1850 consultor
581 1772 827 1876 prosequitur
854 1772 1034 1849 dicendo:
1074 1773 1302 1851 documenta
1329 1775 1449 1853 allata
1476 1802 1499 1852 a

143 1896 231 1972 viro
263 1892 422 1971 minime
453 1892 626 1969 sufficere
662 1892 709 1968 ad
740 1891 1073 1969 demonstrandam
1110 1891 1331 1970 nullitatem
1364 1895 1499 1972 matri-

144 2012 266 2092 monii
294 2014 335 2090 in
363 2014 547 2090 themate.
593 2013 834 2089 Documenta
860 2012 965 2088 enim
995 2036 1090 2113 quae
1118 2013 1159 2088 in
1189 2036 1364 2115 processu
1392 2039 1499 2118 repe-

148 2137 309 2214 riuntur
336 2158 404 2238 pro
433 2137 542 2237 parte
570 2133 646 2209 viri
674 2136 782 2209 sunt:
815 2134 1001 2236 inspectio
1029 2137 1183 2210 tantum
1206 2133 1281 2209 viri
1302 2177 1354 2192 -
1373 2133 1499 2212 'festi-

145 2257 277 2334 monia
304 2255 488 2358 septimae
515 2279 651 2332 manus
679 2277 747 2357 pro
775 2256 884 2356 parte
912 2252 1055 2355 sponsi,
1087 2259 1127 2329 et
1154 2252 1269 2329 huius
1296 2252 1493 2358 depositio.

145 2369 218 2458 Εἰ
239 2381 350 2482 parte
377 2375 551 2453 mulieris
579 2378 732 2452 tantum
760 2374 868 2451 adest
887 2374 968 2449 eius
988 2373 1133 2477 scripta
1151 2371 1372 2468 declarati0,
1403 2401 1497 2476 quae

146 2500 205 2577 ait
233 2521 462 2601 cognoscere
490 2496 682 2600 propriam
704 2493 988 2598 impotentiam,
1019 2496 1059 2570 et
1077 2515 1301 2570 consensum
1323 2497 1498 2596 praebere

143 2625 191 2697 ut
219 2643 332 2695 suum
359 2616 649 2696 matrimonium
677 2615 869 2704 irritetur.
921 2613 967 2691 In
1001 2614 1126 2690 causis
1164 2613 1208 2690 de
1241 2614 1494 2718 impotentia,

143 2742 334 2846 inspectio
362 2739 535 2817 mulieris
565 2739 845 2842 pernecessaria
872 2737 1027 2815 videtur
1055 2739 1178 2814 tribus
1202 2737 1413 2815 rationibus
1432 2763 1498 2842 po-

145 2862 323 2940 tioribus.
367 2860 403 2938 1.
432 2859 493 2937 Ad
519 2859 719 2937 vitandam
746 2857 1069 2962 conspirationem
1097 2857 1295 2959 utriusque
1323 2859 1496 2962 coniugis

145 2984 194 3060 ad
222 2980 469 3059 obtinendum
498 2981 720 3058 divortium.
765 2980 806 3056 2.
838 2979 897 3070 Ut
924 2978 1173 3055 concludatur
1201 2981 1332 3054 utrum
1362 3003 1497 3056 revera

147 3103 200 3179 sit
228 3105 535 3179 consummatum
565 3099 867 3193 matrimonium,
899 3103 943 3174 ut
971 3099 1169 3200 recognita
1196 3123 1355 3200 sponsae
1375 3099 1498 3201 virgi-

147 3221 288 3314 nitate,
319 3225 359 3296 et
386 3219 687 3322 suffragantibus
715 3218 839 3296 causis
867 3217 981 3294 iustis
1009 3217 1172 3296 obtineri
1201 3217 1319 3319 possit
1347 3216 1497 3320 dispen-

149 3341 248 3417 satio
276 3342 318 3418 in
347 3340 593 3417 matrimonio
622 3343 705 3416 rato
732 3341 772 3415 et
791 3363 867 3414 non
887 3341 1163 3416 consummato.
1195 3337 1235 3414 3.
1257 3335 1317 3417 Ut
1336 3337 1497 3414 iudicari

147 3462 279 3538 valeat
306 3487 355 3538 an
384 3460 611 3564 impotentia
638 3461 691 3537 sit
718 3458 916 3553 absoluta,
947 3460 1152 3561 perpetua,
1184 3461 1224 3534 et
1252 3456 1492 3534 antecedens.

148 3580 349 3659 Confessio
377 3578 564 3673 mulieris,
596 3604 709 3680 quam
738 3576 851 3680 paulo
871 3582 962 3654 ante
981 3576 1201 3670 retulimus,
1233 3576 1408 3676 quamvis
1437 3601 1497 3652 re-

148 3705 355 3803 cognoscat
382 3699 648 3804 impotentiam
677 3715 809 3788 suam,
840 3721 918 3773 non
945 3701 1075 3773 tamen
1103 3695 1287 3800 patefacit
1315 3699 1496 3774 naturam

148 3820 316 3898 eiusdem
344 3819 607 3923 impotentiae.
1532 3888 1534 3892 .

230 3940 377 4017 Verum
405 3939 496 4042 quid
523 3937 678 4042 deponit
705 3937 787 4015 virt
818 3938 926 4026 Quod
955 3938 1136 4040 cognovit
1163 3937 1364 4014 mulierem
1387 3963 1496 4014 suam
1561 3983 1564 3988 ,

150 4088 172 4137 a
199 4061 324 4165 primo
350 4059 410 4137 die
439 4059 697 4153 matrimonii,
738 4065 777 4136 et
804 4085 887 4137 eam
916 4061 1069 4162 invenit
1095 4060 1371 4163 impotentem,
1413 4065 1496 4137 tum

150 4182 240 4283 quia
267 4180 484 4258 arctissima
510 4183 595 4257 erat
621 4180 788 4282 vagina,
830 4185 911 4256 tum
940 4180 1028 4281 quia
1056 4184 1140 4256 erat
1168 4179 1492 4284 hermaphrodita.

151 4299 309 4379 Invenit
336 4300 438 4378 enim
467 4301 508 4376 in
534 4299 616 4376 eius
645 4297 873 4404 genitalibus
907 4297 1077 4401 partibus
1106 4323 1271 4376 massam
1308 4299 1496 4402 quandam

151 4421 292 4516 carnis,
323 4445 418 4525 quae
446 4419 583 4496 similis
611 4422 695 4496 erat
723 4419 887 4498 membro
915 4418 1036 4495 virili.
1080 4419 1179 4496 Eam
1207 4421 1305 4523 apud
1334 4447 1374 4498 se
1403 4421 1497 4498 reti-

154 4543 238 4619 nuit
264 4565 332 4646 per
360 4563 528 4618 mensem
558 4543 596 4614 et
624 4540 794 4616 tentavit
822 4539 968 4615 frustra
986 4538 1178 4643 copulam3
1211 4539 1344 4617 deinde
1363 4546 1408 4618 ut
1427 4566 1497 4618 sua

153 4661 336 4764 depositio
364 4659 532 4737 veridica
560 4662 760 4762 appareret
788 4659 1008 4736 subiunxit:
1049 4659 1132 4762 ipsa
1159 4659 1254 4736 mihi
1282 4659 1404 4754 dixit,
1436 4685 1497 4737 re-

249 4816 336 4876 nea,
356 4814 431 4864 rom.
454 4809 563 4862 mr.
578 4808 655 4875 saue.
674 4811 804 4862 ooorr.
1357 4813 1383 4862 n
