3672 5216
678 359 903 414 ssuooccncrt.
987 377 989 382 ·
1399 346 1454 410 lll

128 471 214 549 tioni
234 470 353 575 ipsius
373 470 536 548 Fauellii
566 469 605 546 iu
634 470 839 574 parochum
868 466 1040 544 stabilem
1061 464 1290 542 concludunt
1311 464 1457 543 Cister-

128 593 278 670 cieuses.

200 719 330 816 Neque
358 712 591 789 obstaculum
622 711 710 788 huic
744 709 995 788 nominationi
1033 733 1164 812 parare
1204 708 1309 784 valet
1342 710 1458 784 timor

129 833 168 908 ah
194 833 395 910 Ordinario
422 857 651 935 expressus:
683 833 777 934 quod
808 856 940 936 nempe
968 857 1053 907 cum
1088 839 1236 929 raptam
1262 833 1456 933 placitam

130 954 170 1028 Ρ.
192 954 364 1032 Fanellio
392 957 574 1052 negatum
602 953 653 1028 sit
682 977 749 1056 pro
768 953 888 1028 officio
908 951 1108 1028 tlecouomi
1134 951 1359 1053 spiritualis
1386 951 1462 1026 for-

129 1077 199 1152 tius
227 1077 261 1150 ei
290 1077 496 1176 negaretur
526 1099 591 1177 pro
619 1074 740 1149 otlicio
770 1072 946 1149 Perochi.
988 1071 1236 1173 Respondent
1263 1071 1366 1148 euim
1395 1071 1460 1148 Ci-

128 1197 362 1290 stercienses,
394 1196 568 1270 timorem
597 1195 698 1270 hunc
727 1220 800 1270 noa
817 1219 911 1269 esse
941 1193 1014 1270 nisi
1044 1191 1299 1268 coniecturam
1329 1193 1374 1266 de
1391 1195 1461 1290 fo-

128 1331 230 1400 tura,
265 1341 358 1419 (puae
399 1321 658 1418 secsprr'ce'onem
697 1323 766 1390 ciet
801 1325 936 1388 roccho
976 1311 1140 1388 Crocum
1170 1309 1456 1415 'ldpr'scopolcnu
1487 1311 1490 1316 ’

128 1463 290 1539 quaeque
319 1436 425 1514 nullo
454 1433 700 1512 fundamento
728 1433 929 1524 innititur,
961 1435 1049 1536 qnia
1088 1435 1133 1510 P.
1167 1433 1385 1528 Fanellius,
1417 1440 1461 1511 ut

129 1582 254 1634 ornnes
291 1557 376 1634 honi
419 1555 694 1647 ecclesiastici,
743 1560 822 1632 stat
863 1581 885 1632 a
927 1553 1095 1658 partibus
1138 1555 1287 1659 Papae,
1329 1575 1460 1632 verum

130 1679 330 1782 prudenter
357 1704 396 1754 se
424 1703 499 1755 non
530 1677 717 1753 immiscet
747 1676 972 1752 factionibus
1001 1676 1189 1779 politicis,
1221 1703 1288 1754 nec
1317 1677 1463 1754 stabili-

129 1805 207 1876 tum
237 1799 472 1876 Guberuium
500 1799 701 1902 impugnat
732 1797 843 1874 factis
871 1802 939 1873 ant
966 1796 1112 1890 verbis3
1149 1804 1261 1900 atque
1288 1799 1333 1874 ob
1367 1799 1464 1875 hanc

128 1919 349 2022 prudentem
378 1919 513 2020 agendi
545 1918 747 2010 rationem,
780 1943 984 2020 numquam
1012 1917 1092 2021 ipse
1115 1919 1213 2021 epod
1233 1919 1374 1996 saeculi
1393 1918 1465 1995 tri-

127 2041 281 2118 huualia
300 2043 499 2116 accusatus
519 2039 607 2133 fuit,
631 2039 829 2141 minusque
848 2065 938 2116 vero
957 2039 1242 2118 condemnatus.
1271 2041 1464 2117 Adnotare

128 2163 325 2262 praeterea
342 2163 540 2262 satagunt,
564 2168 716 2260 rapiam
729 2162 925 2264 ploratum
946 2161 1096 2236 nonnisi
1117 2162 1160 2236 ob
1180 2166 1325 2236 secreta
1344 2161 1463 2264 ipsius

130 2283 257 2358 curiae
285 2281 507 2384 episcopalis
536 2281 732 2357 molimina
765 2287 944 2380 negatum
980 2281 1026 2356 P.
1054 2278 1225 2356 Fauellio
1254 2280 1371 2357 fuisse
1399 2307 1465 2385 pro

127 2401 248 2477 officio
277 2399 478 2477 Oeconomi
508 2399 743 2504 spiritualis3
777 2401 964 2502 huiusque
994 2401 1047 2476 rei
1076 2400 1322 2503 parochianos
1343 2401 1467 2504 suspi-

128 2520 274 2598 cionem
305 2521 493 2614 habuisse,
524 2525 563 2597 et
592 2521 672 2597 idco
700 2521 900 2599 consilium
939 2520 1068 2598 iniisse
1097 2521 1340 2625 promovendi
1370 2523 1465 2624 peti-

130 2643 274 2719 tionem
303 2641 475 2744 superius
505 2645 849 2719 connnemoratam.

206 2765 318 2840 Licet
346 2766 474 2840 autem
502 2763 678 2839 insistere
707 2764 788 2840 iure
816 2769 971 2868 possent
995 2763 1287 2857 CistercienseS‚
1313 2769 1355 2840 nt,
1375 2765 1468 2869 upi-

127 2909 262 2989 scopus
292 2888 416 2960 ratam
447 2884 581 2960 habeat
619 2884 915 2961 nominationem
946 2886 991 2960 Ι).
1024 2885 1187 2961 llanellii
1217 2887 1278 2962 vel
1308 2886 1467 2964 alterius

128 3003 321 3098 monachi,
353 3005 416 3106 qni
436 3006 502 3080 suh
522 3005 640 3108 ipsius
661 3005 822 3082 Fanellii
843 3006 1092 3109 dependentia
1112 3009 1320 3110 paroeciam
1341 3015 1464 3110 regat,

128 3125 381 3203 nihilominus
409 3149 475 3228 pro
502 3126 598 3202 bono
626 3127 727 3230 pacis
755 3126 874 3203 eidem
912 3127 1098 3231 Episcopo
1138 3127 1240 3205 ultro
1276 3129 1465 3226 deferunt,

128 3253 170 3324 nt
197 3273 268 3351 pro
299 3247 371 3322 hac
398 3245 480 3321 vice
509 3247 704 3347 provideat
732 3248 825 3351 ipse,
858 3253 969 3350 prout
998 3249 1038 3325 in
1066 3249 1226 3326 Domino
1255 3250 1376 3353 magis
1404 3275 1472 3328 ex-

128 3368 253 3470 pedire
285 3367 529 3444 iudicaverit.
562 3367 667 3454 Quod
695 3367 844 3469 quidem
872 3367 1037 3446 officium
1061 3369 1201 3447 iniuste
1222 3372 1265 3448 ah
1286 3374 1470 3476 Episcopo

128 3491 356 3594 respuitur,
387 3513 473 3565 cum
502 3487 697 3581 rationeS,
728 3513 822 3590 quae
851 3487 897 3563 ad
926 3488 963 3564 id
992 3489 1072 3592 ipse
1101 3491 1265 3586 attulit,
1296 3492 1401 3568 nullo
1430 3494 1470 3569 in

130 3609 252 3710 pretio
283 3607 413 3684 haheri
444 3608 605 3710 possint.
651 3608 748 3684 Nam
782 3607 818 3683 l⁰
848 3632 896 3684 ex
925 3611 1173 3687 attestatione
1211 3613 1258 3688 P.
1286 3612 1467 3707 Rolamli,

128 3727 429 3832 praedecessoris
449 3728 621 3804 hodierni
640 3729 963 3806 administratoris
982 3726 1209 3834 spiritualis,
1233 3733 1370 3810 salsum
1391 3759 1471 3809 esse

129 3849 443 3952 deprehenditur,
462 3873 569 3924 sacra
589 3848 866 3951 suppellectilia
886 3857 1074 3954 negatura
1094 3875 1191 3927 novo
1210 3853 1371 3955 parocho
1392 3855 1471 3929 sore

130 3977 241 4072 prout.
273 3971 324 4048 P.
349 3969 537 4060 llanelli03
569 3972 609 4045 et
637 3967 678 4045 2⁰
710 3970 741 4046 si
771 3996 862 4046 vera
889 3976 1017 4048 essent
1043 3977 1169 4048 cetera
1196 3973 1243 4048 ad
1274 3999 1351 4050 rem
1385 3999 1472 4076 pro-

130 4091 220 4183 lata,
255 4092 372 4196 plane
400 4095 707 4191 consequeretur,
740 4089 1050 4168 Cisterciensium
1079 4091 1258 4168 Ordinem
1287 4094 1326 4169 in
1345 4097 1472 4170 eadem

130 4238 287 4314 prorsus
319 4211 626 4314 impossibilitate
653 4212 799 4288 uersari
827 4211 1048 4289 nominandi
1081 4238 1220 4291 novum
1251 4215 1470 4317 parochum.

209 4332 481 4425 Quibushinc
508 4333 595 4408 iude
623 4333 867 4435 disceptatis,¹
889 4331 1083 4438 proposita
1112 4335 1268 4414 luerunt
