3672 5216
377 231 436 296 {82

379 385 866 457 oteneruneeuenueuuun
881 387 969 455 quoa
987 386 1241 455 rotensolen
1262 402 1341 456 laun
1361 388 1573 446 transnanti
1585 390 1721 449 terrane

451 473 514 541 pact
534 471 699 528 conlatam
720 471 874 542 Paestanis,
894 471 937 528 vel
958 471 985 527 ln
1005 471 1105 528 {erlem
1127 473 1156 528 lll
1176 473 1239 542 pact
1258 473 1423 532 baniolum
1445 475 1472 531 ln
1491 474 1581 533 Albls.
1666 543 1668 546 ¹

466 788 672 874 Postquam
697 804 797 854 anno
822 785 1016 872 superiore
1040 803 1107 872 per
1134 787 1333 856 Decretum
1368 783 1475 855 Urbis
1490 791 1526 855 et
1548 787 1655 856 Orbis
1672 787 1719 875 (1)

376 874 515 946 festum
538 876 575 945 S.
599 877 735 962 loseph
759 873 1012 962 ConfessoriS,
1037 875 1174 962 Sponsi
1208 875 1390 962 Deiparae
1420 876 1584 962 Virginis
1607 881 1719 965 etque

375 965 601 1036 universalis
624 965 813 1035 Ecclesiae
836 965 997 1048 Patroni,
1023 964 1072 1034 ad
1088 965 1201 1032 ritum
1216 964 1406 1051 duplicem
1422 967 1568 1051 primae
1583 967 1720 1036 classis

375 1055 600 1142 iampridem
624 1059 806 1140 evectum,
831 1054 1023 1142 privilegio
1052 1054 1210 1123 ditatum
1242 1051 1308 1123 tuit
1331 1053 1585 1124 translationis
1613 1057 1650 1124 in
1673 1053 1720 1124 fe-

376 1147 472 1214 riam
497 1144 706 1214 secundam
722 1145 1028 1231 subsequentem,
1053 1144 1199 1231 quoties
1214 1142 1305 1212 illud
1329 1145 1364 1211 in
1382 1145 1618 1214 Dominioam
1633 1147 1722 1214 Pas

377 1234 494 1303 sionis
516 1232 692 1318 inciderit,
717 1238 754 1302 ct
775 1234 811 1302 in
835 1231 966 1302 feriam
990 1238 1165 1321 quartam
1188 1239 1275 1319 post
1297 1233 1531 1303 Dominicam
1554 1235 1591 1302 in
1614 1234 1721 1304 Albis

377 1323 530 1410 quando
565 1321 624 1390 die
648 1321 897 1392 decimanona
930 1323 1051 1391 Martii
1076 1321 1133 1390 vel
1167 1323 1358 1392 Dominica
1394 1323 1635 1411 Palmarum,
1660 1323 1719 1393 vel

377 1413 504 1499 aliqua
526 1430 576 1480 ex
598 1409 698 1479 feriis
715 1412 985 1482 Hebdomadas
1008 1411 1161 1480 Maioris
1177 1412 1395 1499 occurrerit;
1421 1412 1651 1482 anonnullis
1666 1413 1720 1482 rei

376 1500 568 1590 liturgicae
590 1500 717 1588 peritis
740 1500 879 1571 Sacrae
896 1499 1050 1570 Ritunm
1068 1501 1354 1590 Congregationi
1377 1520 1544 1589 sequens
1560 1502 1718 1571 dubium

378 1589 613 1677 propositum
629 1587 704 1676 brit,
722 1589 916 1659 nimirum:
934 1588 1146 1678 Ansestum
1165 1591 1200 1658 S.
1214 1591 1360 1690 Ioseph,
1378 1588 1515 1680 Sponsi
1526 1591 1571 1658 B.
1585 1591 1636 1658 M.
1662 1591 1715 1676 V.,

377 1697 495 1768 quum
521 1677 755 1836 transfertur
778 1677 815 1746 in
832 1677 977 1768 feriam
994 1679 1039 1746 II.
1063 1683 1151 1767 post
1174 1677 1410 1749 Dominicam
1427 1678 1632 1765 Passionis,
1661 1679 1721 1749 oel
1819 1677 1820 1770 ξ

378 1767 432 1838 ad
454 1766 591 1855 feriam

645 1767 683 1836 V.
708 1772 800 1858 post
835 1766 1071 1837 Dominicam
1095 1767 1132 1836 in
1163 1767 1280 1854 Albis,
1309 1775 1506 1856 tanlquam
1529 1769 1568 1838 in
1591 1769 1716 1838 sedem
1819 1781 1820 1810 ³

376 1857 592 1947 propriam,
618 1856 813 1946 praeferri
823 1855 956 1929 debeat
973 1861 1052 1926 tam
1064 1855 1102 1924 ia
1114 1857 1365 1943 occurrentia,
1385 1877 1502 1946 quam
1519 1860 1556 1929 in
1570 1877 1721 1928 concur·
1819 1879 1820 1942 t

379 1945 503 2016 realia
525 1944 631 2034 festis
652 1947 802 2036 primae
825 1945 956 2016 classis
979 1945 1092 2015 etiam
1117 1946 1280 2016 Patroni
1302 1947 1384 2032 loci,
1419 1948 1526 2017 Tituli
1549 1952 1586 2018 ct
1608 1946 1720 2017 Dedi·
1819 1945 1820 1988 ⁷

378 2033 536 2106 cationis
560 2033 744 2106 Ecclesiae
767 2034 805 2103 in
827 2033 1016 2125 praesolis
1038 2034 1168 2105 dicbus
1184 2035 1486 2106 occurrentibus?
1509 2040 1590 2106 Hoc
1606 2055 1718 2126 porro

378 2125 538 2202 dubium
561 2144 681 2213 quum
704 2145 729 2196 a
752 2144 813 2194 me
837 2125 1071 2212 infrascripto
1096 2125 1282 2195 Cardinali
1309 2127 1447 2196 Sacrae
1483 2129 1605 2197 eidem
1630 2127 1723 2197 Con·

378 2215 587 2304 gregationi
609 2213 801 2284 Praefecto
825 2215 862 2282 in
887 2214 1081 2284 Ordinatio
1106 2215 1230 2301 Gaetu,
1258 2217 1477 2306 subsignata
1502 2218 1562 2287 die
1578 2217 1627 2285 ad
1651 2218 1726 2285 Va·
1819 2273 1820 2284 ,

376 2305 545 2376 ticenum
568 2304 792 2390 coadunato,
817 2305 1054 2393 propositum
1076 2303 1201 2391 fuerit3
1226 2306 1309 2373 Emi
1331 2325 1376 2375 ac
1400 2306 1486 2374 Rmi
1509 2307 1643 2376 Patres
1666 2325 1726 2376 sa·
1819 2319 1820 2378 1

377 2395 452 2463 cris
475 2393 624 2464 tuendis
641 2393 787 2463 Ritibus
802 2392 1013 2482 praepositi,
1031 2393 1216 2481 exquisita
1232 2400 1320 2464 voto
1343 2395 1558 2483 aliquorum
1574 2415 1595 2466 e
1612 2396 1723 2464 Rmis
1819 2411 1820 2431 ¹

377 2483 553 2552 Patribus
576 2482 869 2570 ConsultoribuS,
894 2502 935 2552 re
952 2487 1099 2553 mature
1122 2502 1320 2572 perpensa,
1345 2483 1396 2553 ita
1419 2485 1627 2554 rescribere
1651 2485 1723 2554 rati
1819 2517 1820 2522 ,

377 2577 475 2660 sunt,
503 2571 690 2642 videlicet:
721 2573 872 2642 Festum
909 2573 944 2640 S.
970 2571 1102 2640 Iosell
1137 2570 1174 2638 in
1207 2591 1300 2642 casu
1333 2571 1643 2662 transferendum
1666 2572 1720 2642 ad

377 2680 555 2730 normam
578 2659 729 2730 Decrel‘
751 2659 820 2730 lati
840 2660 886 2730 de
908 2659 1005 2749 festo
1058 2659 1263 2730 unctissimi
1297 2661 1427 2732 Cordis
1458 2663 1556 2748 lesu,
1585 2681 1724 2751 nempe

377 2749 499 2820 locum
521 2749 632 2820 cedat
656 2749 916 2820 tantummodo
941 2749 1159 2839 Duplicibus
1180 2749 1330 2839 primae
1353 2750 1497 2837 classis,
1516 2770 1584 2821 cea
1610 2749 1720 2820 Dedi·

377 2837 547 2925 cationis,
573 2859 620 2908 ac
650 2837 825 2918 Titularis
849 2839 1047 2925 Ecclesiae,
1074 2839 1215 2928 locique
1239 2839 1413 2926 Patroni,
1441 2840 1595 2941 quando
1627 2843 1725 2909 baec

376 2927 446 2998 sill>
469 2927 610 3029 duplici
625 2933 833 3018 praecepto
848 2927 972 3018 flam:
996 2927 1131 3018 qzlr‘llus
1155 2929 1192 2998 ln
1216 2927 1388 3015 adsidue,
1415 2929 1474 2999 dle
1503 2929 1723 2999 immediate

377 3015 1000 3178 sequidltiiriliiiiimels‘tirntiriilgacra
1023 3107 1271 3210 Congregatio
1295 3127 1364 3195 pro
1389 3107 1498 3209 simili
1521 3108 1723 3210 incidentia

377 3197 504 3286 quoad
527 3196 811 3266 translationem
833 3196 1016 3266 festorum
1044 3199 1252 3266 Natrvrtatrs
1277 3198 1312 3266 S.
1338 3198 1488 3266 loannis
1522 3197 1718 3284 Baptistae,

377 3292 414 3357 et
436 3285 738 3356 Annuntiationis
763 3288 802 3354 B.
818 3288 959 3356 Mariae
976 3286 1158 3374 Virginis:
1183 3287 1399 3374 suppressis
1415 3287 1722 3374 quibuscumque

376 3376 626 3533 anteriorlibus
650 3376 811 3446 decretis
833 3377 1042 3460 diversum,
1068 3394 1137 3444 seu
1162 3376 1392 3445 contrarium
1424 3375 1720 3463 disponentibus

377 3465 443 3534 Die
465 3468 509 3534 27
552 3465 627 3534 unii
652 3467 749 3534 1893.

466 3553 577 3624 Facta
601 3553 845 3641 postmodum
871 3553 917 3622 de
934 3553 991 3622 his
1007 3552 1186 3622 omnibus
1203 3553 1448 3622 Sanctissimo
1473 3554 1635 3623 Domino
1652 3555 1722 3622 No·

376 3647 454 3712 stro
477 3642 593 3713 Leoni
617 3645 742 3730 Papae
764 3643 861 3710 Xlll.
897 3641 1074 3712 relatione
1105 3661 1173 3729 per
1197 3661 1258 3710 me
1282 3641 1562 3729 infrascriptum
1599 3641 1721 3712 Cardi-

376 3731 503 3801 nalem
526 3731 664 3802 Sacrae
687 3732 809 3801 eidem
844 3731 1126 3819 Congregationi
1163 3730 1407 3817 Praefectum,
1433 3731 1618 3802 Sanctitas
1642 3731 1715 3800 Sua

377 3823 600 3916 sententiam
635 3821 773 3891 Sacrae
807 3821 927 3908 ipsius
963 3820 1270 3976 Conpregationis
1309 3821 1345 3888 in
1383 3821 1560 3890 omnibus
1598 3826 1716 3891 ratam

376 3911 515 3998 habuit,
542 3915 578 3980 et
600 3909 845 3980 confirmavit.
870 3909 935 3978 Die
958 3913 979 3977 2
1004 3909 1046 3977 lu
1061 3909 1093 3997 ii,
1118 3928 1217 3980 anno
1242 3909 1389 3978 eodem.

630 4139 717 4208 CAI.
742 4139 853 4207 Ceno.
878 4137 1286 4224 Amisi-MASELLA,
1312 4137 1347 4207 S.
1366 4140 1409 4207 R.
1425 4137 1462 4207 C.
1481 4135 1714 4226 Praefectus.

422 4244 463 4311 L.
583 4295 591 4310 .

490 4251 527 4321 ὦ
555 4243 580 4312 S
1017 4331 1243 4400 Vruceurrus
1267 4330 1377 4399 Nusst
1403 4328 1645 4399 Secretarius.

454 4540 489 4601 (1)
506 4541 633 4588 Relatum
649 4539 705 4587 luit
721 4540 781 4587 Vol.
796 4541 876 4598 XXV,
897 4541 949 4586 111.
