3672 5216
732 283 900 330 sucrouns.
1429 265 1493 332 149

143 383 453 460 inconvenientia
467 387 601 460 exorta
615 407 664 460 ex
678 381 793 478 lactc,
812 383 909 485 quod
924 383 1146 489 Superiores
1167 384 1371 462 Generales
1392 383 1495 466 Gon-

142 503 379 606 gregationis
399 504 611 597 Marianae,
633 506 779 608 pariter
797 504 979 584 fundatae
1000 532 1023 582 a
1043 506 1089 582 B.
1103 505 1298 583 Ludovico
1317 505 1493 610 Grignon

144 623 402 726 praetendunt
430 623 644 701 huiusmodi
681 650 819 703 munus
857 651 1031 703 exercere
1069 627 1187 704 etiam
1226 626 1346 728 quoad
1375 627 1495 703 Insti-

143 748 273 819 tutum
302 744 470 819 filiarum
498 743 729 846 Sapientiae,
750 769 886 847 easque
905 745 1094 848 dirigendi
1125 745 1422 848 independenter
1449 747 1494 822 ab

141 860 362 956 Ordinario,
384 887 516 939 earum
545 862 725 967 Capitula
754 865 1000 959 convocandi,
1024 865 1261 968 praesidendi
1289 871 1330 942 et
1352 865 1497 968 invigi-

147 983 252 1060 landi
280 1008 411 1059 earum
440 982 662 1086 disciplinae
690 990 729 1060 et
757 982 1096 1064 administrationi.
1129 987 1230 1063 Hinc
1262 987 1491 1087 quaerebat:

152 1103 189 1180 1⁰
219 1110 351 1182 utrum
380 1103 560 1206 Superior
587 1105 786 1182 Generalis
819 1107 1140 1210 Congregationis
1173 1107 1371 1184 Marianae
1403 1107 1497 1184 reti·

147 1227 228 1303 neri
258 1226 379 1331 possit
407 1227 524 1302 etiam
562 1230 606 1302 ut
632 1225 812 1330 Superior
840 1227 1039 1304 Generalis
1073 1226 1262 1304 dictarum
1298 1250 1492 1303 sororum:

144 1346 188 1424 2⁰
211 1351 344 1424 utrum
371 1345 509 1423 harum
536 1346 761 1423 institutum
789 1347 1021 1424 considerari
1049 1347 1170 1451 possit
1189 1372 1258 1424 ceu
1276 1351 1496 1449 exemptum

144 1495 170 1544 a
197 1467 462 1544 iurisdictione
499 1463 723 1544 Ordinarii:
760 1465 801 1543 3⁰
827 1470 957 1544 utrum
986 1467 1196 1571 Episcopus
1225 1467 1491 1558 Lucionensis,

148 1587 287 1664 saltem
308 1594 352 1664 ut
371 1586 579 1688 Delegatus
598 1585 638 1663 S.
662 1585 981 1688 Congregationis
1000 1587 1121 1689 possit
1140 1610 1347 1664 convocare
1366 1610 1497 1662 earum

146 1708 374 1812 Capitulum
402 1708 510 1808 eique
537 1706 763 1809 praesidere.
796 1706 916 1784 Cuius
946 1706 1072 1784 ultimi
1102 1707 1263 1808 quaesiti
1296 1705 1499 1782 resolutio-

149 1853 236 1904 nem
266 1829 440 1929 urgebat,
471 1849 514 1905 eo
542 1827 638 1928 quia.
659 1827 907 1904 imminebant
943 1829 1148 1905 electiones
1184 1826 1379 1929 generales
1407 1831 1497 1902 ante

150 1947 293 2024 festum
322 1948 568 2024 Pentecostes
596 1973 660 2023 an.
698 1945 814 2047 1890.
1415 2015 1419 2022 .

232 2069 348 2146 Sacra
367 2067 625 2170 Congregatio
645 2068 841 2173 rescripsit
864 2067 900 2144 1ο
918 2073 961 2145 ut
981 2067 1205 2171 Capitulum
1233 2067 1304 2143 hac
1323 2066 1406 2142 vioe
1424 2065 1500 2141 dif-

152 2188 320 2266 ferretur
348 2187 395 2266 ad
422 2195 560 2264 nutum
583 2187 623 2264 S.
646 2187 767 2280 Sedis,
790 2188 975 2264 mandans
994 2173 1161 2264 ¹insimul
1181 2193 1226 2265 ut
1245 2187 1333 2264 illae
1352 2193 1524 2263 sorores

150 2335 248 2412 quae
277 2334 378 2386 nunc
406 2309 637 2386 Institutum
665 2312 821 2410 regunt,
843 2309 889 2384 ad
906 2299 1187 2410 beneplacitum
1208 2307 1374 2385 S.·Sedis
1401 2305 1499 2384 illud

156 2454 288 2532 regere
307 2432 492 2532 pergant3
523 2427 566 2506 2⁰
587 2437 631 2504 ut
651 2428 698 2507 ad
716 2429 756 2504 S.
775 2427 1121 2531 Congregationem
1142 2429 1499 2532 proapprohatione

151 2551 514 2628 transmitterentur
543 2548 847 2627 Constitutiones
884 2549 1053 2626 actuales
1088 2550 1279 2642 Instituti,
1311 2571 1501 2625 unacum

153 2671 339 2748 relatione
367 2696 479 2774 super
507 2673 613 2746 statu
639 2669 877 2773 disciplinari
906 2677 945 2746 et
973 2671 1208 2747 oeconomico
1236 2676 1275 2746 et
1303 2695 1415 2772 super
1432 2692 1501 2744 no-

152 2791 297 2868 vitiatu
324 2790 506 2886 eiusdem,
538 2789 795 2893 dependenter
822 2799 951 2868 tamen
985 2792 1031 2868 ab
1059 2791 1246 2894 Episcopo
1274 2788 1501 2867 Lucionensi

151 2935 219 2986 seu
249 2935 336 2986 cum
364 2911 484 3015 ipsius
517 2911 801 3012 approbatione.

234 3029 387 3106 Sorores
408 3031 453 3106 dc
474 3031 512 3105 la
528 3031 704 3132 Sopesse,
726 3031 859 3132 quibus
878 3030 1128 3106 enunciatum
1147 3029 1395 3133 Rescriptum
1416 3027 1500 3103 fue-

150 3157 226 3242 rat,
249 3174 317 3252 per
336 3150 566 3253 Episcopum
591 3150 865 3226 Lucionensem
886 3151 1170 3243 transmissum,
1189 3175 1255 3253 per
1274 3148 1500 3226 Generalem
1566 3191 1574 3202 .

153 3269 454 3373 Superiorissam
472 3271 519 3348 ad
538 3271 577 3348 S.
598 3270 944 3372 Congregationem
963 3270 1249 3346 deductionibus
1264 3273 1303 3346 et
1317 3267 1500 3370 expetitis
1542 3315 1545 3324 ·

150 3391 391 3468 documentis
420 3393 671 3486 transmissis
695 3390 938 3494 postularunt
970 3390 1008 3468 1⁰
1035 3395 1079 3467 ut
1105 3395 1308 3490 antequam
1326 3389 1502 3490 vigentes

152 3538 284 3589 earum
315 3513 621 3591 Constitutiones
651 3513 697 3588 ad
726 3512 914 3588 trutinam
943 3515 1230 3603 revocarentur,
1262 3510 1432 3611 quaestio
1459 3508 1504 3584 de

153 3633 357 3736 Superiora
376 3633 557 3711 Generali
585 3633 863 3724 resolveretur3
896 3629 937 3706 2⁰
963 3635 1008 3708 ut
1028 3631 1090 3708 hic
1110 3631 1288 3734 Superior
1308 3653 1384 3706 non
1403 3633 1504 3704 esset

155 3753 231 3830 nisi
248 3751 430 3854 Superior
444 3753 643 3829 Generalis
659 3751 860 3829 Societatis
880 3751 1093 3827 Marianae.
1113 3749 1326 3828 Consultor
1345 3749 1384 3825 S.
1404 3748 1507 3826 Con-

157 3873 412 3976 gregationis,
430 3873 491 3949 cui
511 3872 752 3949 deductiones
781 3871 978 3972 ablegatae
1008 3876 1101 3949 sont
1133 3872 1175 3948 in
1211 3895 1278 3947 suo
1304 3873 1409 3960 voto,
1440 3866 1507 3943 ad-

158 3994 283 4070 mittit
316 3994 479 4096 primam
516 3993 712 4096 petitionis
756 3995 918 4093 partem,
959 3995 1132 4068 attamen
1173 3992 1375 4092 impugnat
1411 3989 1505 4065 totis

156 4115 303 4190 viribus
332 4113 536 4189 secundam
564 4113 608 4188 de
632 4112 831 4216 Superiora
851 4109 1055 4186 Generali:
1088 4109 1186 4186 idem
1207 4108 1328 4186 sensit
1347 4107 1508 4211 Episco-

160 4260 231 4337 pus
262 4233 509 4313 Lucionensis
529 4233 570 4310 in
589 4233 668 4310 suis
688 4232 811 4309 literis
841 4231 886 4308 ad
915 4232 955 4308 S.
980 4230 1328 4334 Congregationem
1357 4229 1424 4306 sub
1444 4227 1505 4302 die

155 4355 208 4432 29
237 4353 411 4432 Ianuarii
444 4354 633 4430 currentis
670 4351 778 4430 anni.
816 4351 979 4428 Interim
1015 4351 1169 4428 Sorores
1203 4353 1248 4428 de
1277 4353 1316 4426 lo
1344 4351 1507 4453 Soffesse

154 4474 380 4554 obtulerunt
408 4473 448 4551 S.
472 4473 770 4576 Congregationi
800 4471 1005 4550 nonnullos
1025 4474 1207 4552 articulos
1236 4473 1337 4550 cirea
1363 4469 1509 4574 practi-

155 4621 240 4674 cam
283 4596 473 4672 rationem
513 4593 740 4672 conciliandi
779 4595 1010 4696 potestatem
1052 4591 1264 4695 Superioris
1306 4590 1510 4670 Generalis¹
