3650 5242
680 325 684 332 -
725 303 845 349 rrsxux
1397 293 1455 357 lle

116 409 277 502 videtur,
318 407 351 482 si
381 431 584 510 parumper
616 407 868 482 attendantur
896 430 990 506 quae
1019 407 1274 510 Superiorissa
1302 409 1456 489 exhibet

117 531 146 606 in
175 553 247 606 suo
276 553 448 604 recursu.
482 527 579 603 Nam
608 526 733 603 decem
771 526 908 602 abhinc
940 526 1051 602 annis
1080 525 1284 630 deputatus
1312 533 1359 606 ad
1387 557 1456 608 au-

117 647 266 724 diendas
287 646 544 723 confessiones
564 645 681 722 trium
698 647 999 748 Religiosarum‚
1017 670 1111 747 quae
1126 645 1263 741 elatae,
1282 648 1455 728 difficiles

116 775 146 844 et
173 775 332 845 tenaces
359 767 401 844 in
427 791 497 843 sua
515 755 716 843 voluntate
735 771 860 861 erant,
883 768 939 844 ita
958 766 1173 844 dominatae
1193 769 1342 846 eaedem
1363 777 1455 848 sunt

117 891 147 965 in
180 890 313 964 animo
342 887 579 982 confessarii,
604 893 647 964 ut
678 913 764 964 cum
793 887 932 964 eisdem
962 888 1041 991 ipse
1073 888 1260 964 divideret
1289 890 1454 969 iniustas

116 1010 307 1113 opiniones
331 1006 452 1110 quoad
482 1009 703 1108 gubernium
732 1009 1033 1084 communitatis.
1065 1008 1166 1084 Hinc
1190 1007 1455 1088 Oonfessarius

118 1129 329 1206 ordinarius
353 1127 557 1204 discrimen
587 1128 862 1230 praesentiens,
886 1127 981 1229 quod
1006 1154 1053 1204 ex
1081 1128 1151 1206 tali
1180 1127 1366 1228 regimine
1394 1132 1458 1208 ob-

117 1251 241 1326 venire
262 1255 391 1352 posset
415 1249 536 1324 tribus
561 1249 765 1350 religiosis
788 1250 938 1326 censuit
958 1248 1123 1352 prudens
1149 1273 1230 1325 esse
1257 1251 1479 1326 certiorem·

117 1369 264 1448 reddere
290 1371 485 1446 Vicarium
515 1369 730 1470 generalem
767 1369 872 1445 illius
902 1367 1097 1472 temporie,
1121 1369 1184 1470 qui
1215 1370 1340 1471 coegit
1368 1395 1458 1446 con·

119 1493 317 1570 fossarium
345 1491 463 1567 trium
493 1490 769 1592 poenitentium
799 1490 981 1566 nuncium
1011 1488 1165 1564 mittere
1196 1489 1287 1566 huic
1316 1489 1452 1566 officio.

117 1613 390 1690 Monasterium
419 1616 511 1687 tunc
539 1608 755 1710 dereliquit,
788 1610 852 1685 sed
881 1631 982 1684 nunc
1011 1631 1126 1708 quum
1157 1609 1236 1710 ipse
1264 1608 1316 1684 sit
1342 1609 1458 1686 Vica-

116 1735 187 1810 rius
217 1731 424 1835 generalis,
456 1731 626 1833 regimen
656 1730 811 1806 illorum
840 1728 1079 1821 resumendo,
1114 1753 1195 1805 sese
1223 1728 1337 1805 habet
1364 1754 1456 1832 erga

115 1853 392 1931 Salesianarum
425 1851 653 1927 Institutum
682 1851 793 1926 iuxta
826 1849 1131 1952 impressionem,
1164 1874 1276 1950 quam
1310 1850 1455 1952 recepit

114 1981 146 2050 et
173 1973 313 2076 recipit
340 1972 385 2048 ab
422 1970 638 2048 earumdem
667 1970 1012 2047 informationibus.

187 2095 303 2170 Anno
336 2090 454 2186 1888,
486 2092 740 2193 prosequitur,
772 2089 992 2192 Religiosae
1021 2091 1184 2166 scientes
1211 2089 1450 2187 Bascherini,

114 2239 157 2290 ex
185 2217 280 2289 tunc
307 2211 506 2288 Vicarium
536 2214 775 2314 generalem,
807 2212 908 2290 haud
937 2212 1149 2316 praeditum
1177 2237 1259 2289 esse
1287 2215 1454 2314 qualita-

116 2333 224 2426 libus,
256 2356 352 2434 quae
379 2333 516 2409 bonum
544 2335 788 2411 constituunt
807 2339 953 2436 patrem
975 2333 1229 2436 spiritualem,
1252 2333 1453 2436 elegerunt

115 2455 157 2528 ad
184 2453 253 2529 hoc
282 2453 448 2528 officium
490 2453 725 2532 Canonicum
764 2454 971 2545 Oasarosa3
1012 2453 1109 2555 quod
1148 2453 1269 2530 eidem
1298 2455 1453 2532 Vioario
1550 2538 1552 2543 ,

115 2573 279 2674 generali
306 2573 529 2675 displicuit,
560 2584 598 2650 et
627 2573 753 2651 effecit
781 2579 825 2651 ut
852 2575 975 2676 magis
1003 2573 1044 2650 in
1073 2573 1152 2671 dies
1180 2574 1246 2650 ille
1275 2575 1455 2653 adversa·

115 2699 215 2772 retur
242 2695 461 2796 religiosam
490 2697 828 2775 Communitatem.

190 2817 241 2892 Et
269 2841 309 2892 re
339 2817 487 2918 quidem
516 2843 608 2894 vera
635 2820 749 2896 huius
777 2818 1012 2894 adversionis
1038 2819 1225 2922 specimen
1246 2819 1362 2912 dedit,
1387 2844 1454 2922 op-

116 2937 334 3036 positionem
373 2933 542 3015 faeiendo
576 2965 623 3016 ne
659 2939 880 3042 Religiosae
909 2940 1124 3016 obtinerent
1152 2938 1309 3018 Patrem
1338 2942 1450 3018 Baldi

115 3057 169 3132 uti
196 3058 429 3134 ordinarium
456 3060 752 3155 confessarium,
784 3063 822 3136 et
850 3059 1039 3136 suadendo
1074 3086 1140 3162 per
1170 3067 1355 3138 secretam
1385 3087 1454 3139 au-

114 3175 377 3254 scultationem
405 3176 629 3280 ReligiosiS,
662 3186 705 3256 ut
733 3185 1004 3257 conservarent
1033 3180 1322 3275 confessarium,
1354 3181 1451 3259 alias

116 3295 160 3370 ab
194 3295 316 3378 eodem
356 3295 527 3373 habitum
561 3299 620 3379 uti
654 3301 827 3403 ineptum
864 3299 910 3376 ad
950 3301 1020 3376 hoc
1054 3299 1235 3376 officium.
1283 3301 1452 3378 Tandem

116 3413 225 3490 refert
252 3413 534 3518 Superiorissa,
561 3420 759 3496 Vicarium
789 3421 1005 3522 generalem
1040 3420 1233 3498 studuisse
1260 3429 1299 3496 et
1329 3421 1451 3499 adhuc

117 3535 257 3612 studere
285 3543 331 3613 ut
360 3537 587 3638 religiosae,
627 3565 719 3642 quas
756 3543 885 3644 pinxit
922 3541 979 3616 uti
1009 3540 1167 3617 rebelles
1206 3542 1446 3637 auctoritati,

118 3656 332 3734 amitterent
361 3660 526 3758 gratiam
544 3667 584 3737 et
600 3662 872 3763 protectionem
893 3661 1122 3738 amatissimi
1141 3663 1365 3755 Antistitis,
1388 3665 1452 3763 qui

118 3777 320 3853 earumdem
349 3777 476 3855 fuerat
505 3781 626 3882 gloria
653 3789 693 3858 01
720 3781 929 3860 consolatio
957 3783 1046 3858 dum
1068 3783 1306 3885 expulsionis
1326 3810 1349 3860 a
1368 3785 1452 3860 Mo-

120 3897 274 3973 nosterio
302 3901 527 4000 paterentur
555 3927 769 3979 aerumnas.

192 4015 250 4094 Ex
277 4017 391 4096 dictis
418 4044 509 4122 ergo
536 4023 792 4124 consequitur,
819 4024 1015 4100 Vicarium
1045 4023 1261 4126 generalem
1286 4024 1451 4125 qualita-

121 4132 392 4243 tibusgdestitui
423 4141 615 4242 requisitis
634 4167 701 4245 pro
720 4143 905 4220 directore
929 4143 1123 4246 spirituali
1141 4149 1182 4219 01
1200 4143 1447 4236 confessario,

123 4249 262 4357 ideoque
290 4260 561 4337 removendum
588 4287 681 4339 esse.
698 4264 741 4339 ab
770 4253 967 4341 audiendis
999 4264 1296 4342 confessionibus
1324 4265 1452 4342 cuius-

129 4393 271 4478 cumque
299 4379 519 4482 religiosae,
550 4384 590 4457 et
617 4383 662 4458 ab
689 4382 812 4459 officio
838 4385 1061 4461 confessarii
1088 4383 1287 4476 ordinarii,
1311 4390 1357 4461 'et
1384 4411 1452 4462 ex-

124 4493 375 4590 traordinarii3
407 4523 451 4575 eo
478 4500 574 4600 quod
603 4502 839 4579 Constitutio
867 4503 943 4581 XX
976 4506 1144 4600 statuit,
1175 4505 1450 4582 confessarium

209 4670 288 4732 Acta,
308 4673 383 4722 Tem.
405 4671 515 4723 XXVI.
530 4672 607 4738 fasc.
626 4675 766 4725 OGOIII.
981 4737 983 4740 Ι
1326 4683 1355 4728 10
