3694 5230
1470 222 1529 284 ltt3

266 363 429 422 ΕΡΙδΤθιΑ
448 361 631 422 {netolici
650 362 828 421 Sanctisslnl
849 364 877 419 l).
895 363 925 418 lt.
942 361 1039 418 leonio
1058 361 1111 418 ΧΙΙΙ
1132 362 1165 416 de
1186 360 1300 417 Rosarlo
1322 359 1442 416 nartali.

215 787 219 798 '
275 773 451 843 Laetitiae
474 779 647 857 sanctae,
680 771 796 859 uitam
818 771 935 839 Nobis
966 790 1090 842 annus
1118 770 1454 858 quinquagesimus
1482 772 1530 840 ab

184 879 390 968 episcopali
414 879 693 949 consecratione
716 877 866 948 feliciter
891 878 1026 966 plenus
1051 877 1217 964 adduxit,
1234 880 1407 965 pergrata
1425 877 1530 945 nimi-

181 1006 270 1056 rum
296 1006 346 1055 ex
370 1005 414 1055 eo
438 984 505 1055 fuit
528 985 706 1070 accessio
731 983 833 1071 quod
858 1003 1003 1070 omncs,
1028 1003 1096 1070 per
1112 983 1394 1053 universitatem
1410 983 1531 1051 catho-

181 1093 343 1162 licarum
367 1093 544 1181 gentium,
570 1111 647 1161 non
671 1109 784 1160 secus
808 1110 853 1162 ac
875 1091 973 1160 filios
997 1095 1112 1178 pater,
1137 1095 1333 1160 consortes
1356 1090 1535 1168 habueri,

183 1217 291 1280 mus,
322 1198 410 1269 fidei
433 1205 470 1269 et
493 1198 634 1268 amoris
658 1195 926 1286 significatione
950 1197 1217 1284 pulcherrima.
1256 1197 1297 1264 ln
1324 1215 1399 1283 quo
1430 1215 1530 1266 nova

183 1324 338 1393 semper
361 1325 449 1375 cum
473 1306 591 1394 gratia
615 1306 860 1394 agnoscimus
884 1311 920 1375 et
938 1305 1204 1392 praedicamus
1219 1304 1285 1372 Dei
1301 1303 1531 1390 providentis

184 1412 401 1499 consilium,
435 1418 471 1482 et
493 1432 644 1482 summe
668 1413 704 1480 in
732 1411 993 1499 Nesmetipsos
1022 1411 1249 1481 benevolum
1282 1417 1319 1480 et
1341 1409 1531 1479 Ecclesiae

184 1539 280 1589 suae
304 1520 406 1588 baud
429 1519 557 1589 leviter
581 1518 829 1606 profuturum,
855 1538 978 1606 neque
1001 1519 1128 1587 minus
1151 1521 1237 1587 avet
1252 1517 1412 1601 animus,
1438 1516 1532 1585 eius.

184 1627 274 1696 dem
299 1625 468 1696 beneficii
492 1627 672 1713 optimam
688 1626 790 1713 apud
807 1629 928 1696 Deum
946 1625 1242 1710 conciliatricem,
1268 1625 1427 1692 Matrem
1449 1623 1531 1692 eius

185 1739 406 1822 augustam,
438 1733 601 1802 salutare
626 1733 801 1802 laudibus
827 1739 863 1803 et
889 1732 1033 1803 efferre.
1073 1733 1194 1801 Huius
1222 1732 1361 1818 quippe
1393 1730 1532 1799 eximia

186 1843 341 1929 caritaS,
377 1860 493 1930 quam
522 1841 697 1910 diuturno
729 1841 908 1928 varioque
939 1841 1068 1908 aetatis
1092 1839 1212 1926 spatio
1243 1839 1435 1908 sensimus
1458 1835 1532 1924 Ipsi

185 1948 316 2016 multis
336 1949 460 2017 modis
479 1951 727 2034 praesentem,
751 1945 986 2034 praesentior
1002 1947 1038 2013 in
1055 1945 1134 2015 dies
1158 1957 1243 2014 ante
1261 1945 1390 2014 oculos
1406 1943 1531 2033 fulget,

186 2060 300 2142 atque
323 2055 493 2123 animum
518 2053 743 2122 suavissime
767 2053 951 2139 afficienS,
989 2052 1126 2121 fiducia
1151 2071 1227 2119 non
1252 2052 1423 2120 humana
1445 2069 1531 2119 con-

185 2160 323 2231 firmat.
348 2161 524 2231 Caelestis
540 2161 707 2248 Reginae
723 2179 800 2228 vox
816 2162 898 2246 ipsa
914 2160 1084 2229 exaudiri
1100 2159 1256 2245 videtur,
1276 2161 1355 2228 Nos
1371 2159 1532 2247 benigne

185 2273 267 2338 tum
292 2257 466 2358 erigentis
489 2268 526 2336 in
549 2267 767 2355 asperrimis
791 2267 979 2336 Ecclesiae
1002 2266 1254 2352 temporibus
1284 2270 1363 2334 tum
1389 2265 1532 2334 consilii

186 2376 295 2462 copia
323 2377 372 2446 ad
395 2376 556 2446 instituta
580 2375 794 2443 communis
817 2375 948 2443 salutis
971 2374 1162 2460 proposita
1186 2373 1414 2458 adiuvantis,
1451 2377 1532 2441 tum

187 2483 300 2554 etiam
332 2482 569 2552 admonentis
603 2485 644 2549 ut
674 2481 847 2568 pietatem
880 2499 1111 2567 omnemque
1142 2479 1286 2550 virtutis
1317 2479 1459 2548 cultum
1495 2479 1532 2546 in

187 2589 389 2660 christiano
420 2589 560 2677 populo
591 2589 810 2657 excitemus.
850 2588 1003 2657 Talibus
1035 2587 1265 2674 respondere
1294 2586 1427 2673 optatis
1458 2585 1534 2654 iam

188 2699 331 2786 pluries
355 2697 513 2768 antebac
537 2697 744 2765 iucundum
768 2696 884 2767 Nobis
908 2700 1159 2782 sanctumque
1182 2693 1258 2763 luit.
1286 2694 1326 2761 ln
1351 2692 1533 2762 fructibus

187 2809 316 2874 autem
340 2803 404 2890 qui
427 2803 655 2872 hortationes
678 2803 843 2888 Nostrae,
868 2802 948 2888 ipsa
966 2802 1130 2889 auspice,
1156 2806 1244 2870 sunt
1259 2801 1459 2886 consecuti,
1485 2799 1534 2867 di-

186 2930 307 3000 gnum
324 2913 381 2978 est
396 2911 498 2997 quod
514 2927 870 2994 commemoremus
895 2908 1090 2995 perampla
1107 2908 1272 2996 religioni
1289 2905 1533 2978 sacratissimi

188 3019 270 3086 eius
295 3014 452 3084 Rosurii
472 3015 582 3084 allata
606 3034 690 3085 esse
714 3016 942 3085 incrementa
950 3035 959 3102 ;
985 3016 1083 3085 banc
1098 3017 1135 3084 in
1152 3035 1233 3084 rem
1251 3015 1427 3084 sodalitiis
1444 3032 1535 3100 quo-

188 3145 263 3213 que
286 3126 436 3212 piorum
460 3144 535 3211 qua
558 3125 776 3211 auctisque
800 3127 1006 3195 constitutis
1013 3179 1022 3214 ,
1053 3127 1200 3212 scriptis
1223 3127 1330 3194 docte
1354 3129 1531 3211 opportu-

188 3251 313 3319 neque
335 3232 372 3299 in
397 3231 535 3318 vulgus
558 3231 679 3317 editis,
711 3232 802 3318 ipsis
826 3231 1098 3320 elegantiarum
1124 3233 1259 3301 artium
1288 3230 1531 3300 nobilissimis

191 3339 422 3408 ornamentis
446 3337 614 3407 inductis.
641 3375 681 3384 —
706 3341 814 3408 Nunc
838 3359 928 3408 vero
957 3339 1112 3427 perinde
1136 3359 1180 3408 ac
1204 3340 1235 3407 si
1259 3339 1433 3408 eamdem
1458 3344 1532 3406 stu-

191 3445 424 3516 diosissimae
447 3445 579 3514 Matris
602 3445 835 3532 excipiamus
859 3465 1007 3534 vocem,
1032 3467 1108 3534 qua
1132 3451 1278 3534 urgeat,
1310 3445 1459 3528 Clamo,
1487 3463 1533 3512 ne

191 3571 323 3637 cesses,
350 3571 485 3620 rursus
510 3553 556 3620 de
580 3552 724 3622 mariali
745 3553 902 3622 Rosario
926 3572 997 3622 vos
1013 3553 1151 3640 alloqui
1168 3553 1263 3637 libet,
1289 3550 1534 3621 Venerabiles

192 3658 349 3744 Fratres,
375 3663 572 3746 appetente
595 3659 749 3745 octobri,
775 3679 889 3746 quem
913 3678 1086 3729 mensem
1112 3679 1198 3729 esse
1214 3660 1248 3728 ei
1263 3660 1453 3745 devotum,
1478 3677 1535 3729 ac·

193 3765 406 3852 ceptissimo
430 3765 600 3835 eiusdem
624 3767 770 3835 Rosarii
794 3767 874 3852 ritu,
899 3767 1132 3852 censuimus,
1156 3767 1301 3836 tributis
1325 3785 1456 3836 sacrae
1480 3767 1533 3833 in-

193 3871 405 3961 dulgentiae
427 3873 615 3959 praemiis.
639 3873 761 3942 Oratio
782 3878 907 3942 tamen
923 3875 1059 3942 Nostra
1082 3893 1158 3942 non
1183 3892 1228 3944 eo
1252 3874 1427 3960 proxime
1450 3892 1533 3960 spe-

193 3981 303 4049 ctabit
325 3985 367 4049 ut
389 3980 596 4066 addamne,
628 3978 687 4048 vel
710 3979 862 4048 laudem
892 3980 1096 4066 precationi
1128 3999 1177 4049 ex
1201 3999 1243 4050 se
1266 3980 1535 4067 praestantissi-

193 4105 294 4174 mae,
328 4087 389 4156 vel
410 4086 585 4156 fidelibus
615 4086 785 4155 stimulos
816 4087 975 4156 adeam
1006 4088 1191 4158 sanctiore
1215 4107 1289 4156 usu
1317 4088 1534 4174 colendam,

194 4212 326 4263 verum
352 4195 399 4263 de
422 4193 613 4263 nonnullis
637 4193 806 4262 dicemus
831 4193 1040 4264 lectissimis
1064 4196 1189 4283 bonis,
1214 4215 1313 4282 quae
1336 4195 1423 4264 inde
1446 4195 1537 4262 bau-

193 4300 254 4367 riri
269 4305 441 4389 possunt,
466 4305 681 4387 temporum
698 4306 735 4370 et
749 4301 947 4371 bominum
963 4303 1095 4372 rationi
1118 4303 1285 4372 maxime
1302 4301 1534 4389 opportunis.

193 4411 252 4480 Sic
275 4413 378 4482 enim
400 4412 516 4480 Nobis
539 4410 871 4498 persuasissimum
890 4414 954 4496 est,
980 4410 1198 4498 religionem
1221 4409 1377 4494 Rosarii,
1402 4408 1432 4477 si
1457 4412 1535 4477 tam

193 4517 258 4586 rite
282 4517 436 4605 colatur,
461 4521 502 4586 ut
525 4518 599 4585 vim
626 4516 774 4587 insitam
798 4517 1048 4604 virtutemque
1072 4515 1236 4604 proferat
1259 4535 1380 4601 suam,
1405 4514 1535 4584 utilita-

287 4661 373 4720 Actu‚
394 4659 468 4708 Tom.
490 4657 598 4707 XXVI.
613 4656 690 4722 fasc.
714 4657 843 4708 occlV.
1397 4660 1426 4704 13
