3672 5216
356 247 416 310 152
940 265 1108 312 iucrouou.

352 370 495 446 tionem
524 367 712 444 Filiorum
740 369 785 442 dc
806 369 844 442 lo
865 369 1028 470 Saqesse
1054 394 1077 444 a
1101 395 1163 471 pp.
1181 367 1438 448 Missionariis
1466 367 1508 446 S.
1531 367 1696 471 Spiritus

352 514 419 567 ceu
448 489 593 565 fontem
611 487 834 565 damnorum
854 514 1002 593 semper
1020 489 1244 566 adversatus
1264 490 1353 584 fuit,
1375 490 1463 566 dum
1483 515 1533 566 ex
1551 490 1689 566 unione

353 609 553 711 utriusque
581 609 758 685 Instituti
786 611 914 714 plures
943 609 1133 686 utilitates
1162 611 1370 687 scatebant.

434 731 701 808 Cousuurorus
719 754 863 809 vorum.
885 730 1012 806 Aliter
1032 755 1122 806 vero
1136 732 1255 807 sentit
1271 732 1476 812 Consultor
1491 732 1529 809 S.
1549 716 1692 832 Gongr.

352 852 397 927 ln
425 851 558 954 primis
574 851 636 926 hic
651 849 926 926 animadvertit
940 875 988 926 ex
1004 849 1095 926 stilo
1114 849 1153 926 S.
1173 849 1492 953 Congregationis
1508 851 1585 928 fere
1599 875 1698 926 sem-

352 997 419 1076 per
440 971 746 1050 Constitutiones
775 995 960 1048 novorum
981 971 1255 1047 Institutorum
1274 971 1309 1047 ei
1330 997 1397 1074 pro
1416 973 1592 1048 examine
1611 971 1699 1046 sub-

351 1092 486 1186 iectas,
517 1093 559 1169 in
587 1092 721 1193 quibus
741 1095 842 1168 esset
860 1090 1103 1168 introductus
1123 1091 1301 1194 Superior
1328 1092 1543 1184 Generalis
1565 1092 1606 1168 in
1627 1091 1698 1167 hoc

289 1217 293 1226 ’
352 1217 493 1317 puncto
522 1213 639 1288 fuisse
668 1216 857 1290 correctas
885 1219 1080 1313 tamquam
1109 1213 1272 1289 laesivas
1293 1214 1568 1292 iurisdictionis
1586 1213 1699 1292 Ordi-

351 1336 545 1411 nariorum
575 1335 615 1411 in
644 1357 803 1434 quorum
823 1334 993 1410 Dioeoesi
1022 1336 1159 1410 extant
1187 1333 1401 1426 Instituta;
1439 1339 1479 1412 ct
1506 1335 1603 1412 citet
1630 1361 1699 1412 au-

353 1453 572 1529 ctoritatem
603 1454 774 1529 Bizzarri
803 1455 842 1530 in
871 1477 939 1530 suo
966 1477 1077 1558 opere
1100 1454 1340 1532 C'ollcctuueu
1368 1461 1443 1531 etc.
1467 1456 1528 1532 ubi
1549 1455 1595 1531 ad
1615 1481 1696 1532 rem

351 1572 464 1674 plura
491 1573 666 1676 exempla
693 1574 943 1650 reseruntur:
974 1578 1013 1649 ct
1041 1574 1123 1649 iure
1152 1576 1304 1670 meritc,
1335 1576 1423 1676 quia
1444 1577 1555 1652 'secus
1583 1577 1701 1652 inris-

351 1693 466 1769 dictio
495 1694 787 1774 Ordinariorum
815 1693 1123 1797 pessumdaretur
1144 1701 1182 1771 et
1204 1697 1384 1772 continuo
1403 1697 1491 1772 lites
1512 1697 1697 1774 haberen-

352 1817 451 1888 tur:‘
469 1815 687 1890 memoriale
715 1839 807 1890 vero
836 1819 876 1890 ct
904 1814 1131 1891 documenta
1154 1842 1176 1891 a
1196 1818 1386 1892 sororibus
1411 1819 1456 1892 de
1476 1819 1515 1892 lu
1534 1817 1700 1918 Sopesse

352 1932 537 2028 exhibita,
561 1935 630 2027 ait,
653 1934 766 2011 nihili
787 1934 957 2010 facienda
984 1959 1066 2010 esse
1095 1940 1228 2036 utpote
1263 1936 1452 2014 destituta
1482 1939 1701 2015 necessaria

355 2055 624 2159 approbatione
652 2055 831 2157 Episcopi
860 2056 1123 2142 Lucionensis‚
1146 2056 1253 2133 cuius
1275 2059 1432 2134 tramite
1460 2062 1570 2134 erant
1589 2059 1703 2134 exhi-

350 2174 483 2266 benda,
516 2175 627 2251 iuxta
655 2175 950 2251 instructionem
974 2181 1013 2251 et
1033 2176 1254 2252 mandatum
1283 2176 1403 2252 eidem
1427 2176 1615 2280 Episcopo
1633 2204 1703 2281 pa-

352 2297 537 2373 tefactum
566 2323 588 2372 a
616 2295 655 2373 S.
680 2297 986 2396 Congregatione
1015 2321 1082 2400 per
1112 2320 1199 2372 suas
1230 2296 1362 2372 literas
1386 2297 1452 2372 sub
1472 2297 1530 2373 die
1549 2295 1604 2374 20
1623 2298 1703 2374 No-

351 2417 516 2493 vembris
550 2416 666 2510 1889,
696 2441 791 2518 quae
824 2417 956 2493 literae
988 2417 1062 2492 etsi
1090 2416 1319 2516 regulariter
1347 2416 1576 2492 Monialibus
1597 2441 1701 2494 com-

354 2539 571 2614 municatae
600 2542 707 2631 sunt,
740 2543 869 2614 tamen
896 2537 1032 2614 effectu
1061 2541 1281 2613 caruerunt.

433 2660 503 2737 Sed
532 2663 685 2764 propius
714 2660 893 2737 accedens
927 2661 1134 2738 Consultor
1162 2661 1207 2738 ad
1227 2660 1448 2737 refutandas
1469 2660 1699 2736 Monialium
1753 2693 1758 2706 ·

350 2781 610 2874 deductiones
635 2779 769 2874 tradit,
793 2781 889 2857 falso
908 2809 930 2856 a
950 2781 1179 2858 Monialibus
1208 2783 1342 2875 asseri,
1364 2782 1606 2884 Superiorem
1624 2783 1701 2858 Ge-

350 2901 520 2978 neralem
550 2926 613 2976 eas
643 2901 816 2977 habuisse
844 2926 962 3002 usque
995 2927 1017 2976 a
1050 2905 1220 3005 tempore
1255 2903 1301 2976 B.
1329 2900 1574 2978 Fundatoris.
1617 2903 1701 2978 Mo-

351 3022 471 3097 niales
515 3021 706 3096 adducunt
743 3025 938 3121 tamquam
979 3021 1132 3122 regulae
1170 3026 1366 3122 puuctum,
1404 3023 1700 3125 Superiorissam

352 3149 446 3219 tunc
475 3143 660 3243 temporis
682 3141 782 3218 nihil
800 3166 979 3244 peragere
1000 3143 1168 3242 potuisse
1192 3143 1329 3242 absque
1357 3140 1514 3217 consilio
1545 3143 1592 3218 P.
1616 3144 1702 3246 Spi-

351 3263 520 3341 ritualis.
554 3262 628 3336 Hic
656 3261 826 3364 prolecto
855 3285 929 3337 non
957 3265 1041 3337 erat
1070 3261 1181 3336 iuxta
1209 3261 1490 3354 Consultorem,
1513 3262 1588 3338 nisi
1610 3287 1701 3340 con-

351 3384 473 3460 fessor
500 3388 663 3484 quatuor
692 3382 934 3474 Monialium,
956 3407 1050 3482 quas
1070 3381 1193 3457 solum
1221 3383 1439 3458 recensebat
1467 3382 1697 3459 Institutum

351 3505 536 3580 Filiarum
566 3505 611 3579 dc
631 3505 669 3578 lu
690 3505 850 3604 Sopatro
879 3509 1046 3604 tempore
1075 3502 1208 3578 mortis
1229 3502 1459 3578 Fundatoris
1482 3529 1546 3581 an.
1574 3502 1692 3582 1716:

351 3627 391 3699 et
419 3624 619 3699 ridiculum
651 3637 743 3700 tunc
773 3623 910 3699 fuisset
933 3647 1144 3698 sermonem
1165 3623 1317 3699 institui
1339 3623 1383 3698 de
1403 3624 1603 3726 Superiore
1622 3627 1699 3703 Ge-

353 3744 504 3840 nerali3
537 3745 768 3821 solummodo
797 3769 861 3820 an.
898 3742 1000 3821 1768
1029 3741 1176 3843 quando
1205 3743 1245 3819 in
1275 3744 1478 3820 Conventu
1516 3746 1697 3822 Generali

351 3863 579 3939 Monialium
603 3864 909 3942 Constitutiones
938 3864 1163 3965 approbatae
1192 3870 1298 3956 sunt,
1323 3863 1384 3939 hic
1413 3865 1605 3941 confessor
1631 3866 1699 3942 ha-

349 3983 427 4059 beri
447 3983 571 4085 coepit
590 4009 657 4060 ceu
679 3985 857 4087 Superior
876 3983 1089 4075 Generalis,
1121 3983 1182 4058 cui
1212 3984 1441 4060 institutum
1461 3984 1569 4062 subdi
1588 4009 1699 4088 opor-

351 4104 468 4179 tebat.
502 4105 632 4204 Neque
651 4105 773 4180 hilum
793 4103 997 4206 proficiunt
1016 4103 1201 4180 moniales
1230 4104 1458 4181 adducentes
1488 4109 1700 4183 testamen-

351 4227 434 4300 tum
462 4225 607 4327 primae
634 4250 765 4301 earum
795 4223 1085 4326 Superiorissae,
1118 4225 1303 4326 siquidem
1332 4225 1365 4301 si
1395 4227 1580 4302 bloniales
1600 4230 1699 4305 obti-

350 4351 519 4422 nuerunt
548 4371 615 4449 pro
643 4371 710 4422 suo
730 4345 942 4448 Superiora,
966 4343 1203 4448 Superiorem
1232 4346 1459 4422 Generalem
1480 4346 1702 4450 Congrege-

350 4465 466 4542 tionis
487 4466 696 4562 Marianae,
720 4465 756 4541 id
776 4465 920 4540 facturn
947 4489 1027 4542 esse
1056 4465 1149 4541 dicit
1177 4466 1331 4568 praevio
1345 4491 1504 4543 assensu
1520 4465 1700 4572 Episcopi

351 4585 611 4690 Rupellensis,
635 4592 678 4665 ut
706 4613 773 4691 pro
801 4588 848 4662 P.
871 4585 997 4663 Mulot
1025 4590 1064 4663 et
1093 4611 1159 4691 pro
1179 4589 1228 4664 P.
1251 4586 1464 4665 Andubon:
1495 4587 1585 4664 hinc
1613 4612 1702 4690 pro-
