3694 5230
652 302 806 347 nrrsrotx
829 302 1010 346 maronica
1445 283 1501 346 lai

223 402 392 469 Tertium
416 401 605 470 malorum
627 406 749 488 caput,
774 403 834 472 cui
855 403 1070 490 quaerenda
1095 406 1152 470 est
1168 403 1361 487 medicina,
1387 403 1423 470 in
1441 401 1503 469 ho-

152 505 326 575 minibus
349 507 516 576 maxime
540 513 695 594 apparet
718 509 848 578 aetatis
872 514 1033 578 nostrae.
1066 509 1247 578 Homines
1271 510 1372 578 enim
1396 527 1504 595 supe-

156 615 305 684 riorum
320 619 544 702 tamporum,
564 615 595 683 si
611 615 765 702 quidem
781 619 977 702 terrestria,
996 618 1055 686 vel
1069 617 1247 704 vitiosius
1266 619 1501 703 adamabant,

156 718 236 788 iere
252 725 378 789 tamen
396 739 470 790 non
488 723 636 809 penitus
653 720 957 809 aspernabantur
969 726 1157 794 caelestia:
1181 725 1252 813 ipsi
1268 725 1502 794 ethnicorum

157 827 440 914 prudentiores,
471 829 570 897 hanc
594 828 703 898 nobis
727 829 842 898 vitam
873 831 1076 917 hospitium
1099 849 1201 918 esse,
1228 848 1304 900 non
1329 831 1502 916 domum,

158 935 423 1004 commorandi
441 935 701 1023 diversorium,
727 955 802 1004 non
821 936 1022 1025 habitandi,
1044 937 1175 1006 datum
1191 938 1409 1006 docuerunt.
1435 935 1504 1016 Qui

157 1061 262 1112 nunc
293 1060 383 1112 vero
415 1046 502 1110 sunt
534 1042 727 1126 homines,
759 1043 826 1111 etsi
858 1045 1059 1112 christiana
1089 1043 1170 1131 lego
1201 1041 1373 1129 instituti,
1397 1041 1504 1110 fluxa

158 1152 370 1237 praesentis
393 1151 475 1220 aevi
499 1151 601 1218 bona
623 1150 791 1237 plerique
814 1151 868 1220 sic
890 1155 1163 1235 consectantur,
1188 1154 1229 1220 ut
1244 1150 1428 1237 potiorem
1443 1165 1505 1234 pa-

157 1257 270 1326 triam
294 1257 330 1324 in
355 1257 437 1326 aevi
462 1255 677 1342 sempiterni
701 1257 887 1344 beatitate,
919 1276 995 1324 non
1021 1257 1201 1327 memoria
1234 1257 1361 1324 solum
1391 1254 1502 1338 elabi,

158 1362 228 1432 sed
249 1363 451 1432 extinctam
474 1379 634 1448 prorsus
650 1380 695 1431 ac
711 1362 872 1432 deletam
896 1383 964 1449 per
979 1381 1177 1433 summum
1193 1363 1359 1432 dedecus
1376 1362 1502 1447 velint;

158 1468 302 1538 frustra
323 1473 587 1538 commonente
609 1469 757 1538 Paullo:
789 1469 874 1537 Non
898 1467 1077 1538 babemus
1101 1467 1160 1538 lu‘o
1182 1473 1396 1540 monentem
1421 1465 1506 1542 riuis

161 1580 293 1660 tatem,
320 1573 386 1644 secl
401 1574 583 1664 suturam
599 1574 821 1663 inquirimus
838 1575 895 1662 (1).
921 1576 1034 1646 Cuius
1051 1577 1103 1646 rei
1120 1577 1406 1663 explorantibus
1421 1594 1506 1646 cau·

121 1751 132 1764 ,
159 1683 347 1772 sasillud
372 1685 408 1751 in
432 1683 564 1769 primis
587 1684 755 1770 occurrit,
773 1684 875 1770 quod
899 1685 1026 1752 multis
1049 1703 1277 1771 persuasum
1301 1685 1356 1770 sit,
1373 1685 1507 1772 cogita·

159 1791 262 1860 tione
285 1788 496 1860 futurorum
523 1791 715 1860 caritatem
731 1791 852 1858 dirimi
877 1791 1017 1877 patriae
1040 1793 1226 1860 terrestris
1243 1792 1370 1878 reique
1390 1791 1509 1878 publi-

163 1917 234 1968 cae
258 1897 543 1985 prosperitatem
559 1897 731 1966 convelli:
756 1916 831 1985 quo
856 1897 946 1966 nibil
963 1897 1128 1985 prolecto
1153 1899 1328 1984 odiosius,
1345 1898 1507 1985 ineptius

159 2006 264 2074 nihil.
289 2005 434 2075 Etenim
458 2022 533 2073 non
550 2022 596 2072 ea
614 2005 892 2092 sperandarum
908 2011 1041 2074 natura
1059 2011 1115 2074 est
1131 2023 1269 2092 rerum,
1291 2025 1389 2093 quae
1405 2025 1507 2076 men-

160 2119 217 2182 tes
242 2112 441 2180 hominum
465 2111 535 2180 sibi
558 2112 613 2180 sic
636 2111 831 2196 vindicent,
851 2117 893 2179 ut
917 2131 982 2181 eas
1005 2131 1135 2180 acura
1160 2113 1313 2180 omnino
1338 2117 1508 2182 avertant

158 2220 418 2306 praesentium
442 2217 645 2305 bonorum;
682 2219 834 2305 quando
864 2225 900 2288 et
922 2219 1089 2287 Christus
1114 2237 1274 2305 regnum
1298 2220 1360 2287 Dei
1393 2220 1507 2287 edixit

160 2326 446 2414 quaerendum,
472 2325 637 2412 primum
661 2325 697 2393 id
721 2326 890 2412 quidem,
923 2329 960 2393 at
983 2343 1058 2392 non
1082 2328 1125 2392 ut
1147 2328 1270 2393 cetera
1294 2325 1507 2411 praeterire·

160 2451 261 2502 mus.
297 2434 393 2502 Nam
418 2450 538 2500 usura
560 2432 817 2518 praesentium
841 2450 988 2516 rerum,
1021 2449 1194 2518 quaeque
1217 2431 1303 2499 inde
1326 2431 1506 2500 honestae

162 2541 351 2608 habentur
375 2539 657 2625 delectationes,
683 2539 714 2606 si
738 2539 937 2607 virtutibus
961 2539 1020 2606 vel
1045 2538 1229 2626 augendis
1253 2537 1312 2607 vel
1337 2556 1508 2606 remune-

162 2648 292 2716 randis
316 2647 533 2716 adiumento
557 2651 661 2732 sunt;
686 2647 783 2732 item,
810 2647 841 2714 si
864 2646 1044 2732 splendor
1069 2651 1105 2714 et
1128 2645 1251 2714 cultus
1275 2649 1445 2713 terrenae
1463 2645 1508 2712 oi-

162 2755 294 2842 vitatiS,
316 2773 365 2822 ox
382 2771 457 2841 quo
473 2753 687 2822 mortalium
705 2754 930 2822 consociatio
947 2751 1146 2841 magnifiee
1163 2751 1374 2838 illustratur,
1389 2749 1508 2835 splen·

163 2863 309 2948 dorem,
335 2865 371 2930 et
393 2861 535 2930 cultum
560 2860 722 2930 imitatur
746 2861 901 2930 civitatis
924 2860 1093 2929 caelestis
1102 2879 1110 2946 ;
1136 2859 1224 2926 nibil
1249 2858 1430 2944 estquod
1454 2876 1507 2924 ra·

162 2970 274 3039 tionis
298 2968 496 3056 participes
512 2967 699 3052 dedeceat,
724 2967 812 3035 nihil
830 2968 932 3054 quod
948 2966 1110 3034 consiliis
1127 2966 1347 3036 adversetur
1363 2963 1506 3031 divinis.

162 3081 305 3146 Auctor
330 3079 387 3144 est
410 3075 511 3142 enim
533 3078 690 3144 naturae
714 3075 816 3143 Deus
839 3075 1014 3160 idemque
1039 3074 1196 3161 gratiae3
1228 3089 1304 3139 non
1329 3073 1370 3139 ut
1392 3069 1507 3138 altera
1588 3095 1591 3102 ·

161 3185 267 3254 alteri
291 3181 429 3250 officiat
452 3187 563 3268 atque
579 3181 673 3249 inter
689 3199 731 3249 se
755 3181 1012 3268 digladientur,
1037 3179 1105 3249 sed
1130 3185 1170 3248 ut
1194 3179 1315 3248 amico
1340 3178 1508 3265 quodam

161 3289 312 3359 loedere
336 3293 479 3373 coeant,
504 3292 545 3356 ut
560 3306 707 3375 nempe,
733 3291 893 3374 utraque
909 3287 1016 3372 duce,
1042 3285 1290 3354 immortalem
1307 3284 1409 3353 illam
1425 3284 1508 3352 bea·

162 3393 318 3480 itatem,
344 3395 392 3464 ad
417 3412 534 3481 quam
557 3387 735 3462 mortales
759 3393 835 3462 nati
858 3412 1004 3478 sumus,
1027 3391 1190 3462 faciliore
1213 3391 1326 3460 veluti
1350 3392 1423 3475 via,
1450 3390 1508 3460 ali·

162 3503 316 3592 quando
341 3501 614 3588 contingamus.
639 3537 683 3548 -
706 3502 754 3569 At
768 3518 859 3568 vero
876 3499 1050 3567 homiues
1067 3497 1273 3584 voluptarii,
1299 3515 1383 3565 sese
1398 3497 1508 3566 unice

86 3687 92 3696 ,
161 3613 346 3692 amantes
371 3607 436 3693 qui
459 3608 700 3694 cogitationes
723 3625 815 3675 suas
839 3624 972 3674 omnes
995 3606 1031 3673 in
1050 3623 1111 3674 res
1134 3604 1298 3673 caducas
1323 3605 1508 3672 humiliter

163 3714 350 3800 abiiciunt,
375 3717 416 3783 ut
439 3733 481 3782 se
505 3713 632 3781 tollere
656 3713 766 3782 altius
789 3717 987 3799 nequeant,
1012 3713 1046 3796 ii,
1071 3713 1328 3798 potiusquam
1352 3732 1374 3780 a
1398 3711 1508 3780 bonis

164 3823 303 3908 quibus
326 3818 498 3889 fruantur
521 3820 811 3906 aspectabilibus
834 3825 986 3889 aeterna
1014 3823 1209 3906 appetant,
1240 3819 1367 3905 ipsum
1397 3817 1507 3904 plano

165 3929 337 3996 amittunt
353 3927 576 3996 aeternitatis
592 3931 797 4013 aspectum,
819 3925 867 3994 ad
884 3926 1132 3994 conditionem
1149 3925 1315 4012 prolapsi
1337 3923 1509 4012 indignis·

166 4034 313 4104 simam.
340 4035 470 4120 Neque
494 4032 594 4100 enim
618 4032 787 4100 divinum
806 4033 955 4100 Numen
980 4034 1151 4119 graviore
1176 4032 1251 4101 ulla
1268 4049 1390 4118 poena
1416 4029 1507 4097 mul-

167 4147 245 4210 tare
269 4140 462 4208 hominem
487 4138 619 4225 possit,
653 4157 770 4225 quam
794 4157 914 4225 quum
936 4138 1041 4206 illum
1065 4138 1318 4208 blandimenta
1344 4137 1508 4222 volupta-

166 4253 263 4336 tum,
288 4250 477 4318 bonorum
502 4248 819 4335 sempiternorum
843 4247 1124 4332 immemorem,
1157 4247 1261 4314 omni
1286 4246 1357 4314 vita
1381 4262 1509 4312 conse-

162 4355 256 4424 ctari
279 4355 498 4442 permiserit.
531 4391 576 4404 -
606 4356 638 4421 A
662 4371 737 4440 quo
761 4357 886 4423 tamen
911 4353 1077 4440 periculo
1109 4352 1168 4422 ille
1198 4351 1364 4440 proiecto
1393 4351 1510 4420 aberit

165 4462 241 4549 qui,
265 4461 400 4550 pietate
424 4463 570 4531 Rosarii
595 4479 699 4548 usuS,
725 4480 822 4548 quae
839 4460 874 4528 in
893 4461 953 4528 illo
970 4464 1233 4547 proponuntur
1257 4481 1280 4528 a
1297 4457 1419 4547 ploriu
1434 4477 1512 4544 mp-

231 4603 265 4664 (ll
283 4604 364 4651 Hebr.
383 4615 451 4662 xrrr,
470 4603 506 4649 14.
