3674 5264
712 329 877 374 narnuorx
899 331 920 374 r.
1447 311 1489 374 bll
1546 291 1551 302 ⁸

143 429 244 514 toris;
272 431 414 516 ideoque
445 442 571 517 partem
605 447 793 495 conversam
823 448 918 513 posse
953 428 1037 493 inter
1068 427 1241 495 catholicos
1267 429 1304 494 ad
1330 428 1388 494 alia
1418 439 1488 494 vota

143 535 293 600 transire.
321 541 353 602 2.
382 539 535 602 Constare
557 525 804 601 tamen'debere
824 535 865 600 de
891 535 1029 600 infidelis
1055 534 1202 620 coniugis
1227 535 1409 619 renuentia,
1424 555 1489 602 non

141 662 185 708 ex
209 641 276 706 sola
300 641 588 727 praesumptione,
613 641 669 707 sed
695 657 755 727 per
786 639 971 706 iudicialem
996 641 1141 708 eiusdem
1175 640 1487 728 interpellationem,

142 748 203 814 nisi
230 748 424 813 interveniat
451 747 633 833 Apostolica
657 745 867 831 dispensatio.
1477 751 1485 770 ⁶

233 855 297 920 lam
317 873 394 918 vero
411 853 516 940 quoad
534 854 671 941 primam
691 853 781 920 dubii
799 864 944 939 partema
965 852 1086 938 renuit,
1101 865 1137 919 ut
1154 854 1341 940 exponitur,
1356 853 1404 918 vir
1419 833 1490 919 inli-

141 959 229 1026 delis
254 972 339 1024 stare
362 959 527 1047 promissis
553 960 593 1025 de
618 971 777 1047 perpetua
801 979 876 1026 cum
900 961 1038 1029 muliere
1055 959 1303 1043 cohabitatione,
1320 965 1381 1025 imo
1395 972 1491 1046 negat

147 1085 180 1132 se
205 1065 392 1132 huiusmodi
419 1065 563 1132 emisisse
581 1066 736 1152 promissa
754 1087 788 1131 ac
812 1066 951 1152 proinde
976 1086 1010 1132 se
1035 1085 1151 1132 verum
1176 1066 1263 1131 iuxta
1287 1084 1414 1131 morem
1439 1084 1491 1130 re-

144 1171 252 1255 gionis
276 1170 473 1236 contraxisse
493 1189 568 1236 cum
594 1191 628 1236 ea
647 1171 905 1258 matrimonium
931 1184 1028 1258 negat
1053 1171 1153 1257 igitur
1168 1192 1202 1242 se
1220 1171 1307 1238 illarn
1326 1172 1488 1254 habuisse,

144 1289 181 1342 et
205 1275 326 1342 habere
358 1277 445 1342 uelle
471 1277 502 1342 in
527 1295 676 1343 uxorem.
713 1277 816 1360 Quod,
846 1278 1048 1363 utquisque
1077 1277 1184 1362 videt,
1211 1279 1283 1363 plus
1316 1295 1364 1342 est
1393 1295 1490 1361 quam

146 1383 338 1468 simpliciter
360 1385 526 1449 declarare
554 1368 622 1448 «se‘
646 1402 720 1448 cum
739 1386 805 1470 ipsa
830 1383 1012 1450 cohabitare
1030 1385 1117 1450 nolle
1136 1407 1174 1467 »ς
1202 1383 1365 1450 sufficeret
1381 1394 1488 1448 autem

149 1489 226 1571 haec
253 1490 450 1555 declaratio:
479 1509 517 1555 eo
542 1509 619 1576 ergo
644 1492 744 1575 magis
761 1491 911 1556 sufficere
932 1489 1089 1556 dicendae
1105 1502 1180 1556 sunt
1197 1489 1376 1555 recensitae
1401 1508 1490 1553 casus

128 1579 406 1662 'circumstantiae
431 1597 469 1661 ad
495 1597 557 1662 hoe
582 1608 617 1660 ut
642 1595 779 1664 liberum
804 1595 844 1661 sit
868 1615 1042 1662 conversae
1059 1595 1190 1662 mulieri
1214 1596 1301 1663 aliud
1326 1595 1490 1660 matrimo-

148 1701 236 1766 nium
263 1701 357 1768 inire.
393 1705 508 1788 Neque
532 1702 634 1768 obstat
662 1701 748 1789 quod
773 1703 895 1768 mulier
924 1721 1093 1770 remanere
1127 1713 1235 1788 posset
1262 1721 1337 1768 cum
1367 1701 1490 1768 infideli

146 1810 288 1896 coniuge
312 1811 433 1894 absque
458 1809 675 1896 perversionis
706 1808 872 1896 periculo,
902 1810 928 1876 si
954 1811 1021 1895 ipse
1052 1809 1234 1876 admonitus
1259 1810 1299 1877 de
1327 1811 1491 1895 promissis

145 1935 222 1982 cnm
248 1935 284 1982 ea
309 1916 492 1982 cohabitare
512 1917 628 1982 vellet:
655 1927 778 2002 namet
795 1917 977 1984 admonitus
996 1917 1057 1982 iam
1073 1916 1282 2003 supponitur,
1301 1927 1333 1981 et
1351 1935 1489 1982 renuere

146 2026 314 2088 asseritur.
460 2013 461 2016 ¹

237 2127 572 2195 Animadvertendum
598 2141 705 2194 tamen
731 2139 780 2196 est
803 2130 888 2195 haud
912 2133 986 2194 satis
1011 2149 1081 2194 esse
1107 2128 1384 2194 extratiudicialem
1410 2127 1490 2192 noti-

150 2234 226 2298 tiam
251 2233 441 2299 renuentiae
465 2233 525 2298 viri
551 2234 689 2300 infidelis
712 2247 784 2300 ante
810 2236 955 2300 mulieris
980 2235 1238 2317 conversionem,
1256 2231 1448 2319 praesertim
1465 2231 1492 2296 si

148 2341 239 2405 nullo
263 2342 494 2426 comprobetur
523 2342 709 2408 authentico
735 2352 788 2408 aut
812 2337 943 2428 publico
967 2340 1178 2406 documento.
1213 2343 1283 2406 Non
1308 2338 1395 2404 enirn
1421 2349 1491 2414 tuto

150 2446 182 2511 in
208 2456 272 2511 tam
297 2447 386 2532 gravi
411 2449 543 2534 negotio
572 2447 782 2514 adhiberetur
807 2432 895 2513 'odes
920 2448 1013 2514 unius
1038 2447 1185 2513 dimissae
1210 2445 1319 2512 uxoris
1344 2442 1490 2510 assertio-

148 2553 255 2618 nibus.
281 2556 417 2639 Oportet
442 2555 540 2639 igitur
565 2555 760 2630 iudicialiter
782 2556 890 2621 virum
914 2555 1136 2640 interpellare,
1162 2564 1334 2636 antequam
1358 2549 1491 2618 facultas

149 2656 201 2722 liat
226 2660 359 2724 mulieri
376 2679 497 2725 novum
516 2661 649 2727 ineundi
667 2659 922 2743 matrimonium,
941 2659 999 2725 nisi
1018 2669 1210 2742 concurrant
1235 2657 1491 2724 circumstantiae

145 2766 330 2832 abeodem
359 2762 535 2833 Benedicta
570 2771 640 2835 xtv
673 2767 848 2850 indicatae,
875 2767 916 2832 ob
944 2787 1021 2852 quas
1054 2749 1213 2832 utendum
1240 2765 1281 2829 sit
1310 2762 1491 2848 Apostolica

148 2871 405 2960 dispensatione,
432 2885 468 2939 ut
492 2874 592 2940 lusius
617 2875 745 2940 dicetur
770 2874 807 2939 ad
833 2874 969 2939 dubium
994 2872 1188 2938 secundum.

238 2980 305 3056 Quo
330 2998 408 3044 vero
432 2979 471 3044 ad
496 2980 672 3044 secundam
696 2985 823 3066 partem
846 2980 952 3046 dubii:
980 2977 1145 3064 disputant
1170 2975 1325 3061 equidem
1350 2973 1433 3073 inter
1457 2991 1491 3036 se
1540 2973 1560 3014 ¹

149 3085 297 3171 theologi
322 3096 355 3150 et
379 3087 573 3171 canonistae,
600 3088 887 3172 quaestionemque
911 3107 946 3153 se
971 3088 1120 3152 intactam
1143 3087 1329 3172 relinquere
1349 3084 1493 3149 declarat

147 3190 298 3257 laudatus
322 3189 470 3256 Pontifex
495 3192 526 3257 in
543 3213 599 3258 sua
615 3193 852 3258 Constitutione
869 3194 1046 3278 Apostolici
1063 3197 1244 3260 ministerii
1263 3193 1376 3278 (super
1390 3191 1492 3256 abusu

149 3298 253 3365 libelli
280 3298 409 3385 repudii
441 3319 673 3365 conversorum
697 3320 714 3365 a
739 3300 897 3364 ludaismo
925 3300 964 3364 ad
991 3301 1092 3365 tidem
1121 3297 1341 3384 catholicamlz
1369 3317 1407 3363 an
1431 3295 1491 3361 sci·

151 3405 227 3470 licet
252 3403 307 3491 qui
332 3423 374 3469 ex
398 3407 590 3492 coniugibus
616 3406 648 3471 iu
672 3405 863 3472 infidelitate
887 3417 1087 3492 perseverat,
1105 3407 1138 3471 in
1155 3425 1293 3492 poenam
1318 3422 1393 3468 suae
1418 3421 1493 3490 per-

150 3510 247 3577 fidiae
273 3511 414 3595 illigatus
438 3522 618 3595 remaneat,
645 3513 696 3576 vel
723 3511 777 3577 ubi
802 3511 920 3578 coniux
946 3531 1121 3578 conversus
1144 3513 1182 3578 ad
1208 3511 1282 3576 alias
1300 3511 1362 3576 iam
1381 3508 1492 3574 transit

151 3617 293 3704 nuptias,
322 3617 461 3682 liberet
486 3617 626 3682 tntdetts
654 3616 836 3681 censendus
861 3617 911 3683 sit.
935 3623 991 3680 Ast
1016 3617 1113 3701 longe
1144 3616 1253 3701 dispar
1276 3627 1324 3680 est
1340 3632 1492 3702 praesens

150 3743 242 3790 casus
266 3735 299 3788 et
324 3734 414 3786 extra
443 3723 685 3808 quaestionem
712 3741 776 3787 non
809 3723 895 3787 enim
918 3723 970 3789 hic
1000 3721 1105 3808 agitur
1128 3722 1170 3787 de
1195 3721 1346 3786 libertate
1376 3719 1435 3785 viri
1460 3719 1492 3782 in

150 3829 345 3896 infidelitate
370 3828 474 3894 adhuc
499 3829 752 3915 perseverantis,
770 3828 828 3894 sed
854 3829 895 3894 de
920 3828 989 3893 eius
1013 3827 1162 3892 libertate
1190 3839 1360 3914 postquam
1384 3827 1491 3892 catho-

150 3939 246 4002 licam
272 3949 305 4002 et
331 3937 398 4025 ipse
423 3937 624 4023 amplexatus
650 3946 698 4001 est
724 3935 835 4019 fidem,
862 3956 897 4002 ao
922 3935 1041 4001 mulier
1067 3935 1153 4001 aliud
1188 3936 1249 4002 iarn
1281 3935 1352 4002 iniit
1383 3933 1491 4002 matri·

150 4044 308 4109 monium.
336 4045 403 4120 Quo
429 4043 460 4107 in
484 4063 557 4108 casu
582 4043 668 4128 quod
695 4043 804 4108 lavore
837 4041 913 4107 fidei
946 4061 1134 4108 concessum
1165 4052 1214 4108 est
1240 4041 1384 4125 mulieri,
1410 4039 1489 4106 fidei

148 4171 281 4237 quoque
306 4151 417 4217 lavore
442 4151 689 4216 concedendum
720 4161 768 4214 est
796 4148 883 4231 viro,
915 4169 955 4214 ne
985 4149 1126 4235 alioquin
1154 4170 1226 4215 ansa
1253 4149 1281 4214 ei
1313 4149 1486 4232 praebeant

150 4257 342 4324 catholicam
366 4256 531 4321 aversandi
557 4255 769 4342 religionem,
796 4255 930 4339 aliisque
957 4255 1142 4322 infidelibus
1172 4255 1362 4342 coniugibus
1387 4255 1420 4319 in
1444 4254 1491 4318 in·

151 4362 311 4428 fidelitate
337 4362 562 4448 permanendi.
590 4360 730 4426 Praecisa
756 4362 861 4446 itaque
892 4363 1081 4445 quaestione
1106 4363 1148 4427 de
1173 4361 1323 4447 ligamine
1348 4360 1489 4446 poenali,

151 4486 233 4552 quae
252 4467 284 4534 in
302 4467 560 4553 praesentiarum
578 4467 685 4532 locum
701 4485 764 4531 non
782 4465 890 4548 habet,
910 4485 961 4530 res
979 4478 1028 4532 est
1046 4487 1082 4532 ex
1109 4467 1288 4532 communis
1306 4467 1383 4532 iuris
1406 4465 1496 4552 prin·

151 4561 246 4659 cipiis¹
259 4571 467 4638 deducenda.
493 4572 690 4658 Principium
707 4583 815 4637 autem
834 4571 909 4636 luris
927 4573 1106 4638 communis
1123 4584 1187 4640 est:
1207 4571 1340 4638 solutae
1359 4570 1490 4637 vinculo
