3694 5230
743 294 908 339 novauorx
930 296 965 340 tt.
1461 276 1521 338 187

179 411 245 458 non
269 392 382 478 possit,
407 405 462 458 aut
489 393 650 458 monitum
683 393 764 460 inlra
789 405 918 478 tempus
946 393 978 458 iu
1010 378 1398 478 monitione'praesrxum
1430 413 1520 460 suam

182 501 383 565 voluntatem
408 518 472 564 non
495 499 710 586 significasse,
737 501 789 566 vel
806 500 831 564 si
854 500 944 566 adire
964 500 1097 585 quidem
1116 501 1215 587 possit
1232 499 1349 567 coniux
1366 500 1520 582 infidelis,

179 605 237 672 sed
264 607 305 671 de
329 617 495 692 comperte
521 607 583 680 iam
608 605 688 672 lacta
704 606 876 672 christiana
893 606 1093 692 interpellari
1120 619 1260 691 nequeat
1285 609 1355 674 sinc
1373 607 1519 675 evidenti

179 712 285 800 gravis
309 714 415 782 damni
441 715 471 780 ei
494 715 547 781 vel
573 714 753 782 christianis
785 715 947 785 tolerandi
977 716 1140 800 periculo,
1168 728 1200 782 et
1224 717 1303 801 quin
1334 714 1521 785 huiusmodi
1593 778 1600 807 ,

180 819 295 886 damna
318 840 394 887 oum
418 821 596 887 necessaria
613 822 904 907 circumspectione
918 834 952 888 et
969 823 1092 887 cautela
1109 823 1269 889 removeri
1287 823 1422 908 possint,
1441 823 1520 887 haec
1583 871 1584 879 κ

180 927 287 994 omnia
311 928 511 1012 Apostolicae
536 928 612 995 Sedi
636 928 838 994 renunciabit
862 927 1006 994 Vicarius
1034 929 1250 1014 Apostolicus,
1276 927 1439 1015 expressis
1464 948 1520 992 no-

179 1032 340 1116 minibus,
373 1043 406 1098 et
438 1035 594 1120 expositis
627 1033 821 1121 gravissimis
853 1034 955 1099 causis
980 1052 1039 1119 pro
1071 1032 1246 1101 obtinenda
1280 1033 1522 1121 dispensatione

178 1159 280 1226 super
303 1139 540 1226 impedimento
556 1141 732 1208 dirimente
746 1139 938 1226 disparitatis
964 1140 1083 1225 cultus,
1108 1139 1133 1206 si
1151 1153 1342 1226 praetensus
1357 1139 1522 1206 secundus

177 1247 230 1313 vir
253 1247 356 1313 adhuc
383 1247 415 1314 iu
439 1247 632 1314 infidelitate
663 1247 832 1334 persistat,
859 1257 890 1312 et
915 1247 1049 1314 narratis
1081 1247 1231 1314 omnibus
1255 1265 1385 1330 rerum,
1410 1265 1521 1334 perso-

178 1373 294 1420 narum
320 1365 352 1420 et
378 1353 452 1421 lacti
489 1354 666 1438 adiunctis,
692 1367 728 1421 ut
752 1355 785 1422 in
810 1375 844 1421 re
869 1367 933 1422 tam
962 1357 1068 1441 gravis
1100 1356 1256 1421 momenti
1287 1353 1421 1440 procedi
1450 1363 1522 1419 tuto
1623 1432 1628 1440 Ι

178 1459 291 1546 possit.

268 1567 316 1632 Ad
340 1569 419 1633 Vlll.
445 1567 683 1634 Matrimonium
709 1568 805 1634 etiam
830 1568 861 1634 in
887 1568 1079 1636 infidelitate
1104 1577 1306 1633 contractum
1329 1567 1442 1631 natura
1466 1567 1521 1630 sua

179 1681 232 1736 est
253 1671 490 1757 indissolubile,
518 1686 550 1740 et
575 1683 643 1740 tum
668 1669 774 1741 solum
798 1675 902 1761 quoad
928 1675 1095 1742 vinculum
1112 1674 1243 1740 dissolvi
1268 1683 1376 1759 potest
1399 1673 1521 1738 virtute

179 1777 344 1863 privilegii
370 1778 403 1844 in
425 1779 567 1846 favorem
599 1781 675 1848 fidei
700 1803 716 1846 a
740 1783 866 1848 Christo
891 1783 1025 1848 Domino
1059 1782 1216 1866 concessi,
1242 1792 1275 1847 et
1302 1799 1363 1867 pcr
1385 1783 1521 1867 Aposto-

181 1887 251 1950 lum
275 1887 408 1951 Paulum
431 1888 642 1972 promulgati,
661 1887 789 1974 quando
814 1887 989 1974 coniugum
1006 1890 1088 1954 alter
1112 1880 1316 1954 christianam
1341 1886 1441 1952 fldem
1460 1903 1522 1949 am-

179 1991 350 2078 plectitur,
376 2003 409 2058 et
433 1994 516 2059 alter
537 1993 660 2059 nedum
684 2015 700 2058 a
724 1994 790 2059 sade
814 1993 1039 2080 amplectenda
1065 1995 1196 2060 omniuo
1222 1993 1343 2076 renuit,
1371 1991 1428 2057 sed
1462 2009 1522 2056 nac

180 2099 251 2165 vult
274 2097 410 2185 pacifice
434 2118 508 2164 cum
533 2100 669 2184 coniuge
695 2118 853 2165 converso
870 2099 1053 2166 cohabitare
1077 2099 1197 2184 absque
1216 2099 1329 2165 iniuria
1348 2095 1520 2174 Creatoris3

177 2203 318 2290 ideoque
342 2224 407 2272 non
432 2224 503 2271 esse
528 2207 634 2271 locum
660 2205 862 2272 dissolutioni
888 2205 992 2290 quoad
1018 2205 1185 2272 vinculum
1215 2204 1411 2270 matrimonii
1438 2202 1520 2288 legi-

179 2310 258 2376 time
283 2311 438 2377 contracti
463 2312 494 2377 in
520 2311 728 2394 infidelitate,
754 2312 882 2397 quando
907 2313 999 2378 ambo
1017 2311 1171 2396 coniuges
1196 2311 1389 2397 baptismum
1413 2327 1521 2374 susce-

178 2429 311 2502 perunt,
330 2417 383 2482 vel
407 2419 573 2503 suscipere
598 2418 783 2485 intendunt.
801 2433 846 2466 -’-
862 2420 980 2484 SSrhus
1005 2419 1216 2485 confirmavit.

582 2599 743 2639 m

431 2791 460 2849 S.
482 2792 511 2849 c.
532 2791 562 2848 S.
584 2791 674 2849 dmcll
695 2793 733 2849 2⁰
753 2791 821 2848 luull
843 2789 1018 2847 tacu-tuo.
1038 2791 1087 2858 lp.
1108 2789 1142 2844 ad
1162 2787 1267 2845 Gallae.

516 2882 658 2937 Postulata
676 2881 763 2950 quoad
785 2879 959 2936 malrlnoula
978 2877 1189 2948 polyoamorvm.

268 3063 296 3125 l.
326 3053 441 3124 Utrum
465 3059 534 3124 viro
559 3059 730 3145 polygamo
758 3079 794 3126 se
823 3059 861 3125 ad
890 3057 989 3124 fidem
1018 3067 1211 3123 convertere
1236 3057 1359 3121 volenti
1385 3054 1520 3120 concedi

175 3165 277 3251 possit
303 3163 405 3230 libera
430 3164 549 3230 electio
575 3164 659 3230 inter
685 3165 799 3250 plures
828 3185 948 3230 uxores
980 3183 1057 3248 quas
1089 3162 1205 3246 habet,
1231 3181 1376 3246 quasque
1408 3179 1521 3227 omnes

175 3270 292 3337 iisdem
325 3269 586 3337 solemnitatibus
618 3271 736 3338 duait:
770 3290 810 3337 an
837 3291 917 3336 vero
953 3269 1185 3357 obligationem
1215 3267 1330 3334 haheat
1357 3265 1521 3332 retinendi

174 3377 312 3464 primam
337 3365 536 3461 plerumque
559 3387 664 3442 aetate
687 3377 944 3463 provectiorem,
971 3377 1146 3460 minusque
1171 3375 1210 3439 ab
1235 3393 1273 3439 eo
1299 3373 1464 3440 dilectam.

264 3487 296 3548 2.
324 3484 486 3560 Quatenus
510 3483 561 3548 rir
584 3484 776 3571 polygnotus
801 3483 968 3569 obligetur
992 3483 1030 3548 ad
1057 3481 1260 3547 retinendam
1284 3480 1423 3566 primam
1439 3497 1519 3544 uro-

176 3607 261 3672 rem,
289 3588 421 3674 reliquis
445 3589 515 3653 aliis
540 3589 701 3675 dimissis3
720 3609 780 3656 neo
801 3601 907 3656 tamen
925 3589 1000 3655 huic
1019 3587 1205 3673 obligationi
1223 3585 1406 3652 satislacere
1423 3583 1517 3668 velit,

175 3715 215 3762 au
239 3697 298 3762 hac
324 3715 386 3762 una
409 3696 452 3761 de
477 3715 569 3762 causa
593 3697 761 3783 negandus
786 3696 816 3762 ei
841 3698 882 3761 sit
913 3697 1059 3764 absolute
1092 3695 1290 3782 baptismus,
1320 3712 1418 3778 quem
1452 3693 1519 3779 ipse

175 3801 304 3868 sincere
327 3801 509 3885 desiderat,
536 3802 632 3868 etiam
658 3821 696 3868 eo
722 3824 795 3870 casu
820 3823 883 3889 quo
908 3823 949 3868 ex
974 3803 1042 3868 eius
1067 3801 1280 3868 conversione
1305 3799 1427 3887 sperari
1449 3817 1521 3884 pro·

177 3907 331 3973 habiliter
351 3917 463 3995 posset
487 3909 668 3974 multorum
691 3911 828 3975 aliorum
854 3909 1034 3976 conversio.

266 4021 306 4084 3..
324 4020 374 4082 hu
398 4015 514 4081 saltem
539 4016 647 4081 locum
672 4015 793 4080 hahere
818 4027 915 4100 queat
945 4016 1076 4098 antiqua
1109 4015 1323 4081 ecclesiastica
1352 4013 1522 4098 disciplina

178 4121 373 4189 admittendi
399 4122 456 4188 hos
480 4123 670 4209 polygamos
703 4121 734 4187 in
767 4139 940 4187 numerum
969 4122 1305 4204 catechumenorum,
1332 4133 1367 4187 ut
1392 4132 1523 4204 tempus

177 4231 314 4297 habeant
339 4230 378 4296 ad
403 4228 698 4308 considerandum,
726 4241 758 4294 et
783 4237 1001 4313 expectentur
1025 4227 1058 4292 in
1086 4227 1220 4293 articulo
1251 4227 1364 4292 mortis
1394 4225 1523 4312 quando

178 4355 288 4403 omncs
313 4335 483 4403 cessabunt
506 4334 728 4402 difficultates,

264 4448 295 4511 l.
320 4445 437 4510 Utrum
461 4461 687 4528 quaecumque
724 4461 766 4506 ex
797 4441 954 4508 uxoribus
988 4441 1153 4528 polygami
1186 4441 1219 4506 in
1246 4461 1301 4506 sua
1326 4439 1520 4505 infidelitate

180 4549 341 4632 obstinati,
367 4569 449 4636 quae
473 4549 628 4636 baptizari
653 4547 833 4633 desideret,
859 4547 922 4614 lrui
947 4548 1051 4614 valeat
1075 4547 1248 4633 privilegio
1274 4546 1361 4631 quod
1385 4549 1520 4632 hposto-
