3674 5264
692 419 979 597 nora

167 725 942 944 seuerae
1024 721 1506 940 sanis

345 1142 379 1250 ll
404 1140 616 1260 llllllltll
642 1138 838 1248 tlltlllll
871 1135 1025 1246 lllllll
1049 1135 1089 1243 ll
1117 1135 1324 1244 lllllllll

257 1293 275 1331 Ι

697 1463 811 1506 sunnio
835 1465 874 1506 ET
897 1465 983 1507 (itinn

590 1677 819 1804 ricroan
848 1677 1090 1802 rnzzusr

455 1951 597 1998 IURIS
630 1951 935 2008 UTRIUSQUE
969 1951 1226 1999 DOCTORIS

811 2210 853 2244 SEU

165 2401 227 2446 Acta
248 2399 357 2445 iuridica
379 2401 404 2444 ct
425 2395 580 2442 solemniora
600 2407 631 2441 ox
653 2396 776 2452 Supremo
798 2397 913 2440 Romane
934 2396 1054 2442 Pontillco
1076 2397 1221 2442 immediate
1245 2399 1419 2448 dimanantia:
1442 2406 1502 2448 acta

167 2461 233 2505 inter
246 2471 276 2506 eo
290 2470 357 2516 quae
373 2457 468 2516 publici
483 2456 536 2502 lieri
552 2462 661 2515 possunt
677 2457 750 2514 iuris,
767 2457 820 2503 sire
836 2457 887 2503 sint
902 2461 1013 2514 Decreta,
1031 2457 1083 2502 sire
1098 2459 1290 2516 instructiones,
1301 2461 1353 2506 sive
1364 2463 1503 2518 Responsa,

170 2525 196 2566 et
220 2522 273 2568 alla
298 2519 463 2573 huiusmodi;
493 2521 641 2575 praesertim
670 2530 729 2565 vero
756 2521 897 2566 causarum
924 2520 1097 2576 expositiones
1123 2524 1149 2566 et
1175 2519 1343 2567 resolutiones
1370 2534 1401 2568 ex
1429 2525 1507 2570 vanis

170 2585 213 2628 llll.
234 2582 408 2629 cardinalium
431 2582 516 2628 Sacris
538 2581 798 2638 congregationibus,
821 2582 853 2627 ad
875 2581 1040 2628 ecclesiastici
1057 2582 1121 2628 iuris
1136 2587 1283 2628 accuratam
1305 2583 1503 2641 intelligentiam

170 2649 196 2690 ct
208 2645 394 2692 observantiam
409 2644 578 2700 conterentes,
590 2645 615 2689 iu
627 2644 809 2702 compendium
824 2645 942 2701 diligenti
960 2645 1046 2690 studio
1063 2645 1188 2692 redactae:
1198 2644 1249 2690 alia
1260 2645 1370 2704 denique
1385 2647 1495 2695 iuridica

170 2707 267 2763 ouibus
285 2713 425 2764 opportune
444 2707 613 2753 illustrantur
628 2719 693 2764 quae
713 2707 876 2764 inconpositis
896 2709 960 2753 actis
976 2707 1015 2752 rel
1031 2707 1210 2754 difficultatem
1230 2720 1317 2766 parere
1335 2711 1448 2764 possint.
1463 2711 1503 2758 vel

169 2768 202 2815 od
217 2769 326 2825 rigentis
338 2771 400 2816 iuris
417 2769 537 2816 notitiam
553 2768 661 2816 ulterius
677 2771 832 2817 conducant:
848 2772 874 2816 in
891 2771 1032 2818 utilitatem
1049 2781 1137 2816 eorum
1153 2771 1197 2827 qui
1214 2772 1240 2816 iu
1257 2769 1379 2818 Ecclesiae
1401 2773 1502 2830 legibus

169 2829 287 2877 studiose
310 2831 504 2888 dignoscendis,
530 2835 556 2878 et
579 2831 606 2877 in
631 2833 754 2888 regimine
778 2833 913 2878 christiani
938 2833 1036 2890 gregis,
1063 2833 1099 2878 rol
1126 2833 1150 2878 in
1175 2833 1283 2880 colende
1306 2835 1406 2881 Domini
1431 2835 1507 2882 vinee

706 2895 797 2941 sedulo
812 2895 975 2941 adlaborant.

408 3488 1263 3672 promte»

1131 3637 1245 3682 l),

750 4236 926 4304 ROMAE

469 4397 526 4444 EX
545 4397 879 4446 TYPOGRAPHIA
905 4395 1204 4445 POLYGLOTTA

629 4527 648 4562 S.
664 4527 749 4564 GONGB.
765 4527 796 4563 ue
811 4527 972 4563 operierunt
986 4527 1042 4562 utun

756 4689 932 4780 eece-et.¹
