3694 5230
328 250 385 312 llll)
886 266 1050 311 ceraunus
1071 266 1105 310 n.

326 385 398 434 esse
421 370 515 434 solet.
543 368 699 452 Reliquae
723 380 831 434 autem
857 378 971 453 utpote
996 367 1037 460 in,
1054 367 1139 452 turpi
1163 365 1378 432 concubinatu
1403 371 1582 446 versantes,
1604 364 1664 432 de-

327 475 406 542 hent
430 475 561 542 omnino
586 475 682 542 etiam
708 495 781 540 cum
807 474 954 560 periculo
979 474 1092 540 mortis
1116 473 1335 539 adulterinum
1361 470 1593 538 commercium
1610 469 1666 535 ab·
1732 543 1737 558 ι

326 599 491 668 rumpere.
519 583 626 659 Quoad
652 585 807 665 quintum
833 581 969 648 dubium
991 579 1165 646 examinari
1183 589 1330 644 accurate
1348 578 1469 644 debent
1486 596 1576 642 casus
1591 595 1664 664 par-

324 689 488 770 ticulares,
510 701 543 768 et
561 688 747 773 investigari
773 687 1000 774 dispositiones
1017 686 1114 755 animi
1130 683 1277 752 mulieris
1293 685 1491 770 baptismum
1506 683 1663 768 petentis,

325 796 409 860 etsi
434 815 494 880 qua
520 796 626 880 gravis
650 804 797 860 occurrat
832 793 1004 859 difficultas
1035 794 1072 860 ad
1105 797 1137 861 S.
1165 793 1284 861 Sedent
1319 791 1555 858 recurrendum
1587 790 1661 856 erit.

277 951 279 954 .
328 903 441 986 Neque
465 903 504 968 ad
529 902 723 987 baptismum
748 900 947 966 concubinae
973 899 1166 987 regulariter
1190 898 1409 968 admittendae
1437 907 1525 980 sunt,
1550 915 1666 982 quem·

327 1007 502 1073 admodum
528 1009 651 1092 potitur
675 1007 706 1072 in
730 1017 819 1072 scorto
844 1007 951 1087 dudio,
974 1005 1032 1071 nisl
1059 1005 1147 1091 prius
1170 1025 1242 1072 sese
1267 1005 1371 1092 reipsa
1390 1025 1406 1070 a
1423 1002 1597 1089 polygamo
1615 1022 1665 1068 se-

327 1114 532 1202 paraverint3
558 1114 645 1200 quod
669 1113 799 1199 plenius
825 1123 857 1178 et
880 1113 1082 1204 enucleatius
1106 1114 1139 1180 in
1162 1113 1374 1180 instructione
1399 1111 1463 1179 diei
1492 1115 1535 1178 28
1562 1109 1666 1176 Martii

326 1219 401 1285 anni
429 1221 513 1285 tutto
537 1219 732 1285 declaratur.

796 1343 1198 1362 mm

597 1467 627 1524 8.
642 1467 670 1524 0.
685 1467 714 1523 S.
729 1467 818 1524 ntuetr
841 1469 1036 1524 auctorante.
1055 1467 1113 1524 1871
1128 1495 1158 1506 -
1169 1467 1226 1524 llic.
1242 1469 1291 1535 Ap.
1306 1465 1393 1524 Stant.

575 1557 661 1612 liutto
680 1557 767 1624 quood
789 1557 963 1613 mctrlnronla
982 1569 1149 1625 pascuorum
1168 1569 1228 1612 curu
1247 1555 1421 1613 clrrlsllrnts.

418 1735 517 1801 Titius
536 1755 683 1822 ‘paganus
709 1735 845 1822 primam
870 1735 963 1802 duxit
981 1741 1119 1800 uxorem
1135 1736 1243 1800 Lolam
1259 1750 1436 1823 paganam3
1454 1744 1527 1820 post
1544 1735 1667 1820 aliquot

327 1863 427 1910 annos
452 1842 509 1906 ista
533 1842 608 1908 Lola
631 1842 779 1908 discessit
803 1861 821 1908 e
846 1841 943 1907 domo
968 1841 1071 1906 mariti
1098 1860 1172 1906 cum
1194 1845 1292 1907 Bruto
1317 1859 1439 1927 pagano
1464 1851 1497 1905 et
1519 1859 1593 1906 cum
1610 1840 1667 1905 illo

329 1949 421 2015 uixit.
449 1948 551 2014 Titius
575 1948 668 2014 aliam
694 1947 787 2014 duxit
811 1967 945 2014 uxorem
972 1949 1121 2014 Totillam
1146 1947 1243 2012 etiam
1266 1965 1434 2035 paganam,
1457 1959 1490 2012 et
1513 1968 1587 2014 cum
1613 1947 1668 2014 illa

331 2053 465 2143 pacifice
490 2054 569 2118 vixit
593 2073 653 2140 per
684 2057 804 2119 multos
834 2073 933 2120 annos
958 2066 991 2119 et
1015 2053 1053 2118 ab
1077 2054 1132 2119 illa
1162 2053 1273 2120 habuit
1305 2053 1437 2118 liberos.
1473 2057 1564 2120 Nunc
1589 2073 1668 2120 uero

328 2159 429 2226 Titius
454 2171 487 2224 et
512 2160 626 2227 Totilla
643 2159 860 2226 veneruntad
878 2159 1139 2246 amplectendam
1156 2159 1255 2226 fidem
1273 2159 1490 2226 christianam.
1517 2168 1668 2226 Attamen

331 2269 419 2346 Lola‚
445 2267 548 2354 prima
572 2285 655 2332 uxor
678 2267 750 2332 Titii
775 2286 861 2332 nunc
887 2279 937 2332 est
960 2268 992 2333 in
1016 2267 1186 2346 servitute,
1205 2267 1335 2332 vendita
1351 2287 1368 2330 a
1384 2267 1528 2336 secundo
1552 2267 1668 2334 marito

327 2377 435 2439 Bruto.
462 2373 562 2438 Titius
587 2373 796 2460 interrogarit
821 2373 908 2438 illam
933 2393 971 2438 an
996 2373 1098 2438 vellet
1123 2373 1232 2440 redire
1256 2385 1330 2439 cum
1354 2372 1424 2460 ipso
1444 2384 1476 2440 et
1495 2373 1669 2440 convertit

329 2483 396 2565 Ipsa
420 2480 496 2546 Lola
523 2481 688 2565 respondit
713 2501 748 2546 se
773 2480 913 2547 libenter
937 2480 1116 2547 redituram
1134 2491 1167 2546 et
1184 2481 1281 2546 etiam
1304 2479 1403 2548 [idem
1427 2481 1665 2566 amplexuram,

328 2586 425 2651 modo
450 2585 572 2670 primus
605 2588 738 2652 maritus
770 2587 887 2652 liberet
918 2605 989 2652 eam
1020 2587 1177 2652 servitute
1202 2607 1219 2651 a
1241 2585 1386 2652 secundo
1410 2586 1538 2651 marito.
1576 2589 1668 2654 Nunc

328 2710 407 2756 roro
432 2690 638 2758 difficultates
661 2703 756 2758 sunt:
786 2698 815 2758 l.
835 2693 936 2759 Titius
960 2703 1008 2758 est
1033 2693 1164 2760 omnino
1188 2710 1315 2778 pauper
1333 2703 1366 2758 et
1383 2712 1448 2758 non
1462 2704 1570 2778 potest
1588 2693 1668 2759 libe·

330 2816 401 2861 rare
425 2796 512 2864 illam
537 2819 553 2862 a
576 2798 746 2864 servitute.
789 2804 818 2866 Ξ.
849 2803 985 2885 Insuper
1012 2798 1088 2865 Lola
1113 2819 1177 2866 non
1201 2809 1310 2886 potest
1334 2798 1442 2866 redire
1467 2799 1506 2866 ad
1532 2799 1665 2884 Titium,

328 2901 403 2986 quia
427 2905 590 2969 secundus
615 2905 747 2972 maritus
771 2924 836 2972 non
860 2906 931 2972 vult
955 2905 1122 2972 dimittere
1154 2906 1251 2972 illam.
1286 2909 1361 2973 Lola
1393 2926 1454 2995 per
1478 2917 1544 2972 tres
1569 2925 1668 2974 annos

329 3009 463 3096 pacilioe
486 3010 640 3078 habitarit
665 3031 739 3078 curu
763 3017 882 3098 Bruto,
907 3033 973 3082 non
998 3015 1194 3079 reclamante
1223 3014 1329 3099 primo
1357 3016 1496 3093 marito;
1527 3013 1604 3079 inde
1629 3033 1670 3079 ex

330 3115 406 3202 lege
430 3117 516 3181 cirili
541 3117 621 3182 locta
646 3129 696 3184 ost
720 3139 803 3184 uxor
827 3119 975 3206 legitima
999 3120 1088 3186 Bruti
1120 3132 1154 3186 et
1182 3120 1282 3192 Titius
1314 3120 1376 3185 iam
1407 3141 1471 3196 non
1500 3119 1670 3188 hebetius

274 3235 278 3244 ⁴
330 3221 370 3286 ad
395 3221 494 3288 illam.
533 3227 565 3288 3.
595 3227 666 3311 lpso
691 3224 793 3290 Titius
817 3243 881 3292 non
905 3227 976 3291 vult
1000 3225 1168 3318 dimittere
1196 3227 1345 3292 Totillam
1376 3229 1450 3312 quia
1477 3226 1670 3294 fidelitatem

329 3329 483 3412 serravit,
511 3341 543 3394 et
567 3331 654 3416 quia,
680 3330 837 3417 baptizata
863 3353 937 3400 curn
964 3332 1074 3401 liberis
1098 3336 1156 3403 hac
1180 3334 1320 3400 secunda
1336 3355 1452 3418 uxore,
1472 3345 1504 3400 et
1520 3354 1596 3402 cum
1614 3335 1672 3401 illo

329 3447 482 3499 renovato
508 3454 682 3520 consensu,
710 3438 771 3503 iam
797 3458 872 3506 cunt
898 3440 954 3505 illo
980 3440 1297 3506 vixit-Potestne
1329 3441 1372 3505 sic
1402 3459 1571 3506 remanere
1596 3461 1672 3508 con·

332 3538 483 3604 iunctus?
734 3547 736 3558 ⁴
1086 3547 1094 3564 '

319 3730 322 3735 Ι
420 3651 455 3711 lt.
478 3647 526 3712 nd
546 3649 748 3734 propositum
765 3670 873 3717 casum
892 3651 1163 3716 matrimonialem
1180 3671 1372 3738 responsum
1390 3661 1439 3718 est
1455 3664 1491 3720 ut
1507 3653 1667 3740 sequitur:

420 3756 509 3818 lusto
534 3756 693 3840 exposita,
720 3757 753 3822 in
777 3776 853 3823 casu
878 3756 920 3822 de
945 3777 1010 3842 quo
1034 3758 1152 3843 agitur,
1170 3769 1329 3843 quatenus
1346 3760 1448 3845 prima
1464 3779 1549 3826 uror
1563 3761 1667 3829 adhuc

331 3856 365 3924 in
387 3857 582 3936 infidelitate
605 3871 808 3948 permaneat,
835 3861 981 3948 permitti
1005 3880 1100 3946 posse
1125 3863 1220 3946 Titio,
1237 3877 1273 3930 ut
1289 3864 1436 3951 legitimo
1463 3869 1667 3937 matrimonio

330 3983 405 4030 cum
427 3964 569 4030 secunda
593 3967 732 4032 muliere
756 3967 982 4054 coniungatur.

423 4071 616 4148 Quaesitum
636 4077 794 4158 primum.
808 4109 853 4123 -
867 4079 916 4140 An
939 4084 1100 4161 potestate
1123 4097 1141 4141 a
1164 4079 1195 4142 S.
1212 4077 1266 4141 Pio
1284 4079 1322 4143 V.
1349 4079 1501 4146 universe
1520 4100 1670 4149 concessa

331 4197 393 4266 per
414 4182 517 4244 Breve
541 4181 629 4265 quod
655 4179 791 4266 incipit:
829 4183 970 4247 Romani
995 4184 1166 4268 Pontificio
1197 4183 1245 4249 uti
1272 4185 1395 4271 possint
1420 4187 1611 4258 missionarii
1638 4192 1670 4258 in

332 4294 398 4350 tota
421 4304 478 4350 sua
502 4285 687 4352 latitudine.

421 4391 796 4476 Responsum-Breve
820 4414 846 4459 s.
866 4413 911 4460 m.
930 4395 974 4460 Pii
1000 4399 1026 4462 V
1052 4407 1201 4482 spectare
1225 4399 1264 4465 ad
1288 4418 1397 4465 casum
1421 4402 1454 4467 in
1478 4423 1542 4488 quo
1566 4405 1670 4494 prima

332 4515 416 4563 uxor
441 4497 585 4584 legitima
609 4510 683 4565 nota
706 4521 771 4568 non
794 4500 847 4585 sit,
873 4501 1037 4587 simulque
1061 4503 1103 4568 sit
1120 4503 1347 4572 difficillimum
1366 4526 1436 4574 eam
1452 4509 1619 4609 reperire3
1639 4511 1672 4577 in
