3694 5230
374 269 439 332 206
969 283 1124 328 unomen.

379 394 499 483 stenS,
522 388 673 481 missas,
695 411 790 488 quae
818 385 1048 490 proveniant
1066 409 1115 462 ex
1142 407 1256 462 onere
1283 386 1441 487 antiquo
1469 383 1638 462 eiusdem
1657 383 1719 461 So·

378 507 519 600 dalitii,
550 531 619 584 ceu
646 511 738 583 sunt
762 507 904 616 missae
932 509 1111 582 cantatae
1139 531 1206 609 pro
1233 505 1425 584 defunctis
1453 505 1716 582 confratribus.

379 629 601 721 Rectorem,
632 625 887 730 dependenter
905 652 929 703 a
950 625 1129 730 paroch0,
1161 650 1270 730 posse
1293 627 1482 704 celebrare
1509 626 1719 704 functiones
1760 683 1762 688 ,

377 749 469 826 illas
496 748 788 843 ecclesiasticas
819 773 915 850 quae
941 755 1056 824 erant
1082 770 1177 824 onus
1205 748 1408 849 antiquum
1436 746 1626 842 sodalitii,
1657 771 1720 822 ceu

377 872 473 946 sunt
501 869 734 963 functiones,
755 891 853 970 quae
879 867 997 944 etiarn
1018 871 1105 970 post
1123 867 1272 944 exitum
1291 867 1462 971 Capituli
1491 867 1536 944 ab
1554 865 1721 945 Ecclesia

378 989 449 1068 SS.
472 989 808 1084 Annuntiationis,
826 988 968 1065 fiebant
981 1003 1072 1063 cum·
1087 989 1323 1091 expositione
1342 986 1450 1065 SSriri
1470 985 1718 1080 Sacramenti,

378 1135 468 1188 cum
496 1097 668 1187 sermone
697 1112 810 1211 atque
839 1107 999 1185 solemni
1026 1105 1285 1185 benedictione
1313 1109 1354 1187 in
1374 1108 1537 1185 sabbatis
1566 1108 1721 1210 quadra·

382 1230 562 1333 gesimae,
593 1229 634 1305 iu
672 1227 863 1304 triduanis
901 1226 1240 1331 supplicationibus
1278 1227 1550 1304 Immaculatae
1584 1227 1723 1306 Oonce-

383 1350 539 1453 ptionis,
571 1349 611 1426 iu
639 1348 700 1424 die
728 1349 979 1452 processionis
1000 1349 1046 1424 B.
1070 1349 1126 1424 M.
1150 1347 1325 1452 Virginis
1354 1347 1563 1442 faciendae,
1595 1373 1643 1424 ex
1661 1371 1722 1422 ve-

379 1470 456 1546 teri
484 1470 737 1561 concessione,
768 1494 836 1572 per
872 1470 1088 1563 civitatem,
1119 1468 1231 1546 iuxta
1263 1493 1416 1546 normas
1453 1467 1721 1571 impertiendas

378 1591 496 1667 toties
524 1589 673 1692 quoties
701 1589 746 1666 ab
774 1587 991 1666 Ordinario.
1021 1589 1323 1692 Dependentiam
1342 1589 1522 1668 Rectoris
1551 1587 1722 1667 Sodalitii

377 1737 406 1788 a
433 1710 604 1787 Paroobo
632 1709 753 1812 quoad
782 1707 974 1812 praefatas
1004 1709 1234 1804 functiones,
1257 1733 1353 1788 onus
1381 1709 1588 1813 importare
1607 1708 1723 1786 eidem

237 1879 241 1886 ·
380 1831 537 1924 rectori,
569 1831 707 1907 nedum
735 1828 1004 1933 praemonendi
1042 1829 1271 1933 parochum,
1302 1831 1381 1932 qui,
1413 1831 1447 1907 si
1480 1829 1591 1925 velit,
1623 1833 1723 1906 recto

384 1952 578 2028 incumbat
603 1949 742 2044 ordini,
773 1949 874 2026 adsit
902 1953 946 2027 ut
973 1949 1167 2028 Ecclesiae
1195 1951 1389 2054 superior,
1420 1952 1637 2028 moderetur
1665 1975 1724 2027 aa·

384 2071 556 2148 rumdem
594 2070 835 2148 functionum
872 2071 1229 2173 competibilitatem
1261 2095 1349 2147 cum
1377 2072 1489 2174 praxi
1527 2067 1725 2174 paroeciali

383 2195 537 2296 propter
557 2191 689 2269 horam
708 2190 853 2284 aliave;
887 2190 1088 2268 sedetiam
1115 2191 1267 2268 veniam
1285 2190 1480 2269 obtinendi
1499 2216 1567 2295 pro
1587 2191 1724 2268 eisdem

385 2311 657 2405 functionibus,
689 2313 773 2386 tum
801 2335 824 2386 a
851 2309 1014 2414 parocho
1042 2310 1083 2388 in
1103 2310 1163 2386 his
1191 2335 1286 2412 quae
1313 2314 1454 2414 potest,
1487 2314 1571 2386 tum
1598 2311 1644 2387 ab
1663 2308 1726 2388 Or-

378 2431 530 2508 dinario
556 2430 761 2524 Dioeoesis,
783 2428 863 2530 qui,
893 2429 1064 2534 exceptis
1091 2429 1234 2507 iuribus
1252 2433 1294 2507 et
1312 2429 1569 2508 functionibus
1598 2453 1727 2532 paroe-

382 2549 556 2644 cialibus,
588 2549 858 2626 auctoritatem
886 2549 999 2626 habet
1028 2550 1288 2652 permittendi,
1311 2549 1553 2627 Sacerdotem
1580 2550 1728 2653 praedi-

383 2695 485 2764 care,
516 2669 732 2747 functiones
759 2695 940 2773 peragere
968 2669 1156 2746 solemnes
1175 2670 1293 2748 etiarn
1312 2670 1411 2774 apud
1440 2669 1580 2748 altaria
1600 2693 1729 2773 paroe-

381 2789 544 2883 ciarum,
585 2791 626 2865 et
662 2790 887 2891 praesertim
915 2788 949 2866 si
977 2813 1100 2866 sermo
1138 2790 1190 2866 sit
1216 2790 1261 2866 de
1295 2791 1457 2868 solemni
1492 2790 1729 2893 expositione

386 2909 493 2986 ssni
521 2908 771 3004 Sacrameuti,
802 2911 846 2987 ob
874 2935 988 3013 quam
1020 2910 1138 2986 etiam
1165 2937 1189 2986 a
1216 2912 1390 3013 parochis
1428 2912 1543 2988 venia
1570 2909 1731 3013 petenda

381 3034 445 3106 est
472 3031 517 3107 ab
543 3027 760 3108 Ordinario.
793 3031 924 3119 Quoad
943 3030 1038 3106 alias
1067 3029 1299 3127 functiones
1322 3033 1518 3134 dequibus
1547 3056 1624 3110 non
1643 3055 1733 3108 oon-
1827 3119 1828 3142 Ν

343 3204 346 3209 -
386 3155 463 3228 stet
490 3150 681 3254 pertinere
708 3150 755 3227 ad
784 3151 1011 3232 Sodalitium
1039 3151 1155 3228 titulo
1184 3152 1521 3255 iurispatronatuS,
1552 3157 1622 3228 aut
1643 3154 1733 3254 quia
1827 3143 1828 3157 ἢ

385 3269 530 3348 relatae
558 3269 717 3346 fuerunt
744 3270 847 3347 inter
875 3269 1027 3372 regulas
1056 3272 1161 3372 regio
1194 3296 1350 3348 assensu
1381 3272 1572 3366 munitas3
1611 3297 1733 3375 neque

383 3393 538 3467 constat
565 3389 662 3492 quod
696 3391 904 3468 auctoritas
942 3391 1200 3469 ecclesiastica
1235 3392 1465 3470 concesserit
1496 3417 1560 3470 eas
1598 3393 1678 3470 fieri
1711 3419 1734 3468 a

384 3509 649 3588 Sacerdotibus
678 3511 853 3590 Sodalitii
882 3516 1081 3614 postquam
1115 3512 1290 3589 discessit
1317 3514 1491 3616 proprius
1523 3513 1630 3592 illius
1658 3517 1737 3594 Ec·
1826 3543 1827 3556 ¹

384 3631 523 3708 clesiae
559 3631 703 3727 clerus3
746 3657 813 3735 pro
850 3633 910 3709 his
948 3631 1205 3709 functionibus
1243 3633 1476 3737 dispensatio
1509 3633 1736 3710 aParocho

387 3751 571 3856 importat
603 3753 700 3854 quod
727 3755 772 3832 ab
805 3752 933 3830 codem
961 3751 1093 3830 modus
1130 3753 1388 3830 constituatur
1416 3779 1480 3830 eas
1509 3741 1733 3856 peragendi,

384 3873 427 3948 et
459 3895 637 3974 personas
675 3873 717 3949 in
753 3873 867 3950 Sacro
904 3870 1118 3948 ministerio
1154 3873 1329 3967 utendas,
1371 3872 1652 3966 constituendi3
1695 3877 1737 3948 et
1825 3969 1826 3980 ἵ

387 3991 515 4069 omnia
550 3991 642 4070 haec
674 3996 719 4071 ut
756 3999 890 4070 uotum
918 3993 986 4069 fiat
1023 3993 1153 4070 debere
1187 3994 1423 4072 moderaria
1459 3994 1633 4071 Parooho
1665 4019 1737 4070 seu
1825 3995 1826 4030 ¹

385 4113 512 4217 capite
531 4112 638 4191 illius
657 4115 852 4192 Ecclesiae
871 4113 1100 4209 functiones,
1124 4140 1218 4216 quae
1242 4115 1358 4192 titulo
1377 4115 1533 4218 speciali
1553 4139 1629 4192 non
1648 4139 1740 4218 per-

389 4235 518 4312 tinent
545 4235 591 4310 ad
620 4239 806 4310 rectorem
834 4233 1026 4312 Sodalitii.

466 4355 597 4444 Quoad
625 4354 720 4432 alias
749 4357 1003 4456 quaestiones,
1026 4355 1083 4432 ait
1111 4355 1243 4451 ludex,
1266 4356 1494 4434 decidimus:
1530 4356 1567 4434 l.
1590 4356 1733 4434 inutile
1824 4395 1825 4440 ;

383 4501 468 4553 esse
495 4475 755 4578 quaestionem
791 4475 939 4577 agitare
971 4475 1016 4551 de
1049 4477 1280 4580 proprietate
1318 4477 1524 4581 Oappellae
1555 4479 1735 4582 attiguae
1824 4463 1825 4466 ¹

383 4593 564 4672 Oratorio
591 4619 663 4697 quo
691 4594 902 4673 confratres
931 4597 1184 4688 conveniunt;
1215 4596 1306 4672 dum
1335 4622 1426 4675 usus
1454 4599 1622 4676 eiusdem
1650 4623 1738 4675 ma·
