3674 5264
592 243 634 288 nx
657 241 753 288 acris
775 241 1078 288 eirnsrsronmmaus
1484 227 1505 287 d
1545 230 1547 234 ’

155 339 268 398 coriam
288 340 419 407 defuncti,
438 340 531 402 favore
544 343 575 399 R.
589 341 620 398 D.
635 341 764 400 Gulielmi
784 342 896 398 loannis
915 342 1009 398 Carter
1027 342 1184 414 Presbyteri
1204 342 1239 399 de
1252 341 1358 399 Serena
1371 341 1400 397 in
1417 340 1505 397 Clrile.

162 430 195 486 R.
214 431 246 486 D.
266 429 419 487 Gulielmus
438 430 555 489 loannes
581 431 675 488 Carter
693 447 728 488 ex
746 431 887 501 legitimis,
915 431 1072 498 catholicis,
1091 431 1273 502 honestisque
1297 431 1458 502 parentibus
1476 433 1507 487 in

161 519 230 577 urbe
252 519 287 576 dc
307 519 409 575 Serena
427 520 456 574 in
475 518 554 576 Chile
580 521 743 589 progenitus
762 521 836 577 etin
862 518 1093 590 quinquagesimo
1113 521 1202 592 primo
1221 522 1319 578 aetatis
1345 534 1412 577 suae
1431 533 1505 576 anno

163 609 339 673 constitutos,
353 608 382 663 in
394 621 473 664 sacra
484 607 635 680 theologia,
649 608 872 678 iurisprndentia,
885 617 968 680 atquc
981 609 1095 682 politica
1113 611 1229 666 scientia
1247 609 1351 666 dodum
1370 609 1505 665 doctorali

158 698 259 755 'lamec
278 698 404 764 donatus,
424 713 491 756 suae
510 697 647 756 dioecesis
665 699 841 755 examinator
859 699 1078 770 pro-synodalis,
1096 705 1180 768 atque
1202 698 1432 768 metropolitanae
1452 699 1506 756 Ec·

159 786 264 845 etesiae
284 786 312 844 S.
331 787 427 844 iacobi
445 788 480 844 de
499 785 577 844 Chilo
602 787 758 844 Canonicus
777 787 922 859 hucusque
943 788 1138 856 renunciatus,
1157 788 1230 845 inter
1248 786 1395 858 theologos
1413 787 1506 844 socios
1551 821 1553 828 .

157 876 338 952 academicos
357 875 386 931 in
405 876 585 933 universitate
605 873 720 934 Chilone
739 875 861 932 adscitus
881 881 930 932 est.

235 963 433 1020 Monasteriom
453 965 554 1022 Beatae
574 963 699 1034 Virginis
719 964 753 1022 de
772 963 963 1022 liaris-Stella
987 978 1052 1020 corn
1071 965 1097 1021 ei
1117 965 1224 1022 adnexo
1249 965 1378 1021 Prioralu
1404 965 1506 1045 Baetae

165 1055 265 1110 blaviae
285 1053 408 1123 Virginis
428 1052 672 1124 Augiae-blaioris
690 1051 802 1110 Ordinis
828 1053 1018 1110 Cistcrciensis
1038 1055 1066 1108 in
1086 1052 1212 1110 llelvetia
1230 1059 1256 1111 et
1275 1053 1389 1110 Ansiria
1408 1067 1506 1110 vacan.

160 1158 213 1214 per
231 1143 337 1198 obitum
357 1141 401 1198 bo.
421 1155 474 1198 me.
493 1142 583 1200 Mauri
602 1140 732 1208 Kalknm,
747 1141 836 1198 ultimi
856 1141 932 1198 illius
951 1141 1078 1210 Abbatis,
1091 1157 1124 1198 ac
1136 1142 1287 1211 respective
1307 1141 1412 1198 Prioris
1425 1148 1504 1198 extra

159 1243 305 1288 romanam
325 1231 433 1287 curiam
452 1229 582 1296 defuncti,
602 1229 697 1287 favore
717 1231 748 1288 R.
762 1233 792 1288 P.
803 1231 943 1289 Laurentii
962 1231 1092 1300 Wooher,
1102 1231 1260 1302 Presbyteri
1275 1231 1385 1288 Ordinis
1404 1231 1507 1290 Cister-

164 1321 264 1376 ciensis
283 1335 316 1378 ac
335 1333 465 1389 expresse
489 1317 613 1390 professi,
633 1332 651 1374 a
670 1319 725 1376 RR.
752 1319 879 1391 Capitnlo
898 1328 926 1376 et
943 1321 1087 1378 Monachis
1113 1321 1142 1376 in
1166 1319 1336 1378 lionastorio
1362 1321 1392 1376 Β.
1413 1320 1450 1376 Μ.
1471 1320 1506 1378 V.

165 1407 407 1479 Argiae-Maioris
426 1408 592 1478 degentibus
612 1407 646 1464 do
665 1421 744 1466 more
763 1393 855 1477 electi,
874 1414 957 1479 atque
976 1425 1011 1466 ex
1030 1409 1202 1479 benignitate
1223 1409 1411 1465 Sanerrrnrrs
1431 1407 1507 1466 Suae

159 1497 355 1561 confirmandi,
376 1498 454 1554 iuxta
473 1496 615 1556 decretum
627 1497 735 1555 ¹Sacrae
754 1497 985 1568 Congregationis
1005 1497 1088 1555 rebus
1101 1497 1345 1555 Consistorlalibus
1365 1497 1508 1568 praeposi-

165 1591 243 1643 taea
269 1587 394 1656 praefata
419 1585 598 1642 Smcrrrlra
624 1587 682 1642 Sua
707 1587 899 1662 approbatum.
918 1587 949 1643 R.
968 1587 998 1644 P.
1017 1587 1182 1644 Laurentius
1209 1587 1340 1652 Wooher,
1359 1589 1423 1644 ante
1440 1601 1509 1657 pro·

165 1675 312 1732 fossionem
331 1682 446 1732 vocatus
465 1674 611 1740 Antonius,
631 1689 666 1731 ex
685 1674 827 1744 legitimis,
846 1675 999 1741 catholicis
1013 1676 1192 1746 honestisque
1212 1677 1372 1746 parentibus
1391 1676 1420 1732 in
1439 1677 1508 1732 civi·

166 1769 220 1820 tate
239 1763 373 1834 Brigantii
392 1764 528 1822 dioecesis
548 1763 719 1822 Brixinensis
732 1771 759 1820 et
778 1765 939 1836 provinciae
958 1765 1129 1831 Anstriaeae,
1148 1768 1310 1838 nuncupata
1333 1765 1508 1838 Vororlberp,

166 1852 326 1922 progenitus
345 1866 378 1908 ac
396 1851 571 1922 trigesimum
591 1853 741 1921 septimum
759 1853 857 1908 aetatis
876 1867 943 1910 suae
962 1867 1067 1928 annom
1086 1867 1291 1926 supergressus,
1305 1854 1439 1926 Magister
1457 1869 1507 1925 gy-

165 1940 274 2008 mnasii,
293 1941 473 1997 Archivarius
492 1948 520 1997 et
539 1940 769 1998 bibliothecarius
789 1942 832 1998 sui
852 1940 963 1998 Ordinis
982 1943 1114 2012 adlectus,
1133 1943 1282 2014 periodicis
1301 1943 1330 1998 in
1349 1943 1504 2014 ephemeri-

159 2027 248 2085 dibus
266 2029 410 2086 catholicis
430 2029 525 2098 plores
544 2031 667 2086 exaravit
680 2029 797 2096 labores,
812 2029 956 2087 Professor
969 2030 1085 2100 Collegii
1101 2032 1128 2109 β.
1143 2032 1274 2089 bernardi
1286 2046 1335 2102 pro
1349 2031 1507 2089 erudiendis
1576 2073 1581 2081 .

159 2129 198 2172 -ac
218 2117 396 2174 instituendis
416 2118 508 2187 pueris
527 2117 644 2174 instituti
664 2132 697 2175 ac
716 2119 830 2175 insimul
856 2133 951 2176 sacrae
971 2118 1128 2190 theologiae
1156 2120 1333 2185 constitutus,
1353 2135 1369 2176 a
1388 2120 1507 2178 secretis

166 2205 356 2274 praedefuncti
376 2205 493 2262 Abbatis
512 2206 607 2280 blaior
630 2205 794 2265 Cellerarins
820 2206 978 2264 Conventus
1004 2210 1190 2276 renunciatus,
1210 2225 1227 2265 a
1246 2209 1424 2266 Sanorrrarn
1451 2208 1509 2266 Sur

167 2294 250 2350 etiam
269 2293 377 2350 Notarii
396 2295 550 2366 Apostolici
570 2311 686 2353 munere
705 2304 803 2354 anetus
823 2297 882 2353 fnit.

237 2383 392 2440 Ecclesiam
411 2383 605 2454 Capesensiem
625 2385 758 2442 llaitanae
778 2385 958 2456 Reipublicae
972 2383 1001 2442 in
1013 2387 1100 2443 indiis
1119 2387 1343 2444 Occidentalibus
1362 2403 1379 2443 a
1398 2388 1441 2444 Sa.
1456 2387 1509 2442 bie.

161 2471 216 2527 Pio
234 2475 312 2542 Papa
331 2471 371 2528 IX
389 2473 424 2529 ad
443 2473 664 2532 Cathedralitaiis
689 2475 824 2532 honorem
851 2481 964 2536 evectae
984 2475 1154 2546 Apostolicis
1177 2477 1287 2533 Litteris
1312 2476 1509 2533 «Christianae

169 2559 316 2632 Religionis
335 2560 465 2619 Auctor»
489 2563 542 2619 sub
559 2563 679 2622 Plumbo
703 2564 847 2634 expeditas
867 2563 900 2620 V.
919 2564 1014 2620 Nonas
1041 2564 1168 2622 Octobris
1189 2563 1266 2630 labi,
1286 2571 1312 2622 ct
1330 2580 1348 2620 a
1365 2565 1508 2635 primaeva

164 2650 309 2728 erectione
328 2665 378 2707 sua
396 2653 527 2718 vacantis,
547 2653 641 2708 favore
660 2653 692 2708 R.
710 2651 741 2708 D.
764 2652 875 2710 loannis
899 2652 1001 2708 Mariae
1027 2653 1177 2712 Alexandri
1209 2647 1319 2722 llorice,
1345 2651 1503 2722 Presbyteri

166 2738 327 2796 dioeceseos
346 2741 512 2798 venetensis.
531 2741 562 2796 R.
581 2742 613 2797 D.
632 2742 751 2798 loannes
779 2742 866 2798 Maria
892 2741 1048 2800 Alexander
1070 2742 1175 2798 lioriee
1193 2757 1228 2799 er
1252 2741 1393 2811 legitimis,
1411 2739 1510 2822 catha:

167 2828 237 2897 licis,
256 2829 437 2900 honestisque
455 2831 617 2901 parentibus
635 2831 665 2886 in
684 2832 795 2903 oppido,
809 2831 853 2888 cni
873 2832 957 2902 vulgo
971 2845 1073 2888 nornen
1085 2832 1182 2902 Loyot,
1203 2831 1339 2888 dioecesis
1354 2830 1510 2886 venetensis

167 2917 329 2987 progenitus
348 2925 375 2974 et
393 2919 637 2989 quadragesimum
656 2919 777 2990 primum
794 2922 893 2977 aetatis
913 2935 980 2977 suae
999 2935 1106 2977 annum
1121 2933 1336 2998 supergressus,
1355 2918 1511 2974 archidiae-

161 3016 263 3062 -cescos
281 3006 382 3063 Portus
400 3006 538 3077 Principis
558 3008 634 3064 clero
661 3008 823 3079 adscriptus,
843 3008 939 3078 ibique
966 3008 1179 3079 Presbyteratns
1205 3008 1345 3074 ordinem,
1372 3012 1511 3062 annuente

168 3099 251 3163 atque
280 3100 424 3163 praesente
452 3095 592 3166 Episcopo
621 3096 771 3154 venetensi
800 3104 974 3167 assequutus.
1000 3097 1096 3156 Plures
1115 3111 1204 3154 annos
1230 3093 1388 3154 Paroeciale
1407 3111 1510 3154 munus

168 3195 310 3247 exercens,
330 3183 433 3240 vicarii
453 3183 595 3240 Generalis
616 3191 643 3241 et
661 3171 900 3243 Administraioris
920 3186 995 3244 illius
1015 3186 1244 3256 Metropolitanac
1266 3184 1407 3242 Ecclesiae
1428 3189 1510 3253 atquc

164 3269 339 3328 dioecesium
359 3271 542 3330 Conaivensis
567 3280 651 3345 atque
670 3273 844 3346 Capescnsis,
868 3274 933 3342 sede
957 3282 1078 3341 vacante,
1097 3288 1149 3330 nec
1167 3288 1225 3330 non
1251 3272 1382 3328 Canonici
1402 3270 1437 3328 ad
1455 3271 1507 3326 ho-

166 3375 266 3418 norem
284 3363 427 3432 primaera
447 3363 494 3420 illa
512 3365 541 3420 in
562 3364 631 3420 Sede
651 3365 813 3423 niuneribns
833 3366 1015 3437 perlongum
1035 3375 1143 3437 tempus
1163 3366 1324 3436 perfunctus
1343 3369 1392 3421 est.

257 3485 468 3556 Titulorem
486 3487 690 3566 Ecclesiam
703 3487 1067 3578 archiepiscopalem
1084 3489 1294 3577 Synnades
1319 3507 1388 3576 pro
1408 3490 1451 3555 R.
1469 3489 1509 3554 P.

164 3595 212 3661 D.
236 3595 346 3664 Petro
370 3595 562 3683 Rophaele
580 3597 774 3684 GonzaleZ,
791 3597 977 3692 Episcopo
997 3598 1193 3684 lbarrensi,
1211 3600 1383 3686 promoto
1397 3594 1445 3665 ad
1459 3593 1509 3662 di-

165 3709 269 3775 ·ctam
293 3705 501 3776 Ecclesiam
523 3705 892 3792 archiepiscopalem
921 3709 956 3772 et
980 3705 1156 3791 deputato
1187 3705 1224 3771 in
1248 3702 1511 3772 Coadiutorem

168 3830 261 3880 curn
283 3810 410 3881 futura
431 3813 673 3881 successione
693 3813 736 3880 R.
753 3812 792 3878 P.
810 3813 851 3878 D.
869 3811 1014 3898 losephi
1039 3811 1168 3898 Ignatii
1191 3810 1370 3894 britones,
1384 3808 1513 3892 Archi

169 3919 397 4006 episcopide
414 3921 521 4000 Qnito
536 3920 573 3987 in
590 3919 868 4006 Aequatoriana
883 3917 1020 3986 ditione
1032 3918 1227 3986 Americae
1244 3913 1509 3984 Meridionalis.

241 4061 284 4120 Ad
303 4060 543 4130 lletropolitanam
567 4059 667 4117 Sedem
692 4059 909 4130 Lugdunensem
935 4065 1048 4114 erectus
1066 4053 1167 4114 fuitR.
1187 4056 1216 4110 P
1235 4055 1268 4109 D
1287 4054 1384 4109 Petrus
1410 4052 1512 4107 Hector

170 4149 276 4206 Conllie
294 4150 451 4220 Episcopus
470 4149 687 4205 Aurelianensis.

244 4238 298 4294 Pro
317 4237 389 4294 Sede
408 4235 619 4307 Metropoliiana
644 4237 858 4308 Carthaginensi
882 4235 1023 4305 provisum
1047 4235 1096 4292 luit
1116 4233 1150 4289 de
1170 4245 1288 4304 persona
1307 4231 1338 4286 R
1354 4230 1384 4286 P
1396 4229 1429 4284 D.
1444 4229 1512 4285 Bar-

175 4327 324 4384 tholomaei
343 4326 494 4384 Clementis
514 4326 640 4391 Combes,
660 4325 793 4396 Episcopi
812 4323 1041 4380 Constantiniani.

244 4415 424 4473 Rhedonensi
436 4415 578 4472 Ecclesiae
593 4415 822 4484 lletropolitaaae
837 4427 869 4485 pr
870 4413 991 4470 aelectus
1005 4412 1055 4469 furt
1069 4413 1100 4468 R
1114 4413 1143 4467 P.
1158 4412 1189 4467 D.
1209 4409 1361 4468 Guilelmus
1376 4406 1513 4478 Iosephus

178 4503 310 4570 manure,
330 4505 486 4576 Episcopus
505 4503 735 4561 Cenomanensis.
