3674 5264
355 206 398 270 36
875 225 916 271 ax
935 193 964 269 's.
989 223 1019 270 c.
1043 223 1177 270 arruuu.

356 327 476 414 Papa,
501 345 617 394 suum
640 326 676 393 in
698 327 862 396 summis
885 325 1111 414 peragendis
1135 324 1290 413 negotiis
1314 324 1451 394 fecerat
1474 323 1709 409 ministrum,

355 433 424 501 sed
458 433 569 502 etiam
592 433 629 499 in
655 433 797 502 Siciliae
822 435 953 522 Regno
966 453 975 520 ;
1008 451 1095 502 nam
1121 436 1273 520 propter
1297 433 1534 500 imminentes
1561 431 1711 498 Messa·
1825 449 1826 498 t

356 539 484 608 nensis
515 539 703 610 Ecclesiae
734 559 888 626 causaS,
925 539 1011 608 illuc
1041 557 1110 626 pro
1142 539 1391 628 recognitione
1418 537 1701 624 archiepiscopi

355 651 536 738 querelati
567 651 615 720 ad
639 651 776 721 Sedem
800 647 1292 737 apostolicamdestinavit3
1323 647 1424 717 unde
1447 646 1494 716 ita
1518 646 1565 714 de
1589 663 1710 713 cano·
1825 701 1826 758 ἶ

356 757 439 826 nica
463 757 640 826 electione
664 754 832 826 facienda
856 755 1010 824 Abbatis
1033 755 1069 822 in
1095 753 1281 823 Coenobio
1305 753 1423 824 sancti
1439 751 1569 820 luliani
1592 755 1629 819 et
1651 751 1704 820 de

354 861 521 954 praefata
544 863 732 934 Ecclesiae
756 862 1010 932 Messanensis
1033 880 1148 934 causa
1178 862 1213 928 in
1234 861 1399 948 quadam
1419 858 1581 946 Epistola
1607 859 1703 926 Pon·
1825 943 1826 948 Ἰ

355 969 463 1040 tificia
489 971 660 1058 loquitur.

423 1078 612 1148 Paschalis
636 1078 845 1164 Episcopus
869 1095 1005 1145 servus
1030 1079 1129 1144 etc...
1154 1074 1284 1144 dilecto
1308 1071 1383 1141 filio
1407 1073 1578 1142 Lanuino
1602 1071 1709 1142 salu-

354 1187 430 1254 tem
447 1187 514 1253 etc.
1825 1245 1826 1248 ,

423 1293 527 1372 Quae
551 1309 620 1378 pro
637 1292 864 1360 monasterio
884 1288 1002 1358 sancti
1018 1288 1146 1356 Iuliani
1170 1306 1292 1373 nuper
1307 1287 1538 1373 scripsimus
1562 1284 1703 1354 eadem
1825 1271 1826 1320 3

354 1397 583 1467 Fraternitati
608 1403 694 1466 tuae
717 1397 948 1483 scripsimus.
974 1397 1023 1466 Ut
1038 1395 1265 1481 experientia
1283 1399 1345 1463 tua
1363 1398 1463 1462 etc...
1489 1393 1555 1461 His
1574 1393 1708 1480 itaque·
1825 1413 1826 1418 ¹

354 1504 577 1592 Apostolicis
605 1503 731 1574 litteris
763 1505 865 1573 omni
896 1521 985 1572 cum
1014 1501 1198 1590 diligentia
1229 1505 1265 1570 et
1291 1500 1471 1590 singulari
1498 1500 1703 1592 prudentia
1825 1527 1826 1530 ¹

354 1611 505 1698 exactis
530 1613 664 1681 iterum
688 1610 881 1681 Paschalis
904 1611 1007 1696 Papa
1031 1609 1246 1678 auctoritate
1269 1607 1481 1694 Apostolica
1507 1611 1608 1675 creat
1630 1606 1697 1673 La·
1825 1599 1826 1604 ’

354 1719 513 1788 nulnum
537 1719 775 1787 Visitatorem
799 1721 835 1787 et
852 1715 1151 1788 Reformatorem
1167 1715 1481 1784 Monasteriorum
1497 1712 1596 1781 illius
1611 1713 1699 1780 Pro·
1825 1725 1826 1738 ²

354 1824 506 1912 vinciae,
531 1828 643 1912 atque
667 1825 834 1913 iniungit,
861 1828 901 1892 ut
924 1842 1022 1910 quae
1046 1821 1139 1891 inter
1162 1823 1389 1908 Episcopum
1414 1817 1606 1888 Militensis
1633 1817 1703 1884 Ec=
1825 1825 1826 1898 ζ

352 1933 519 2016 clasiae,
544 1935 580 2001 et
606 1931 814 2000 Monachus
845 1929 961 2000 sancti
990 1929 1121 2017 Angeli
1154 1927 1408 1997 efferbuerunt
1440 1926 1706 2013 quaestiones„
1825 1969 1826 1978 2

401 2057 438 2105 m
573 2089 579 2104 .

352 2056 398 2107 00
423 2041 570 2226 Qpfficlast
590 2144 765 2214 laudibus
796 2149 830 2213 et
853 2144 1078 2231 praeconiis,
1105 2159 1229 2230 quove
1253 2140 1332 2210 zelo
1357 2143 1393 2210 et
1415 2139 1603 2208 charitatis
1626 2137 1698 2208 fer·

352 2270 444 2321 vore
464 2251 647 2322 Summus
666 2248 835 2320 Pontifex
852 2251 1000 2320 Patrem
1015 2252 1196 2319 Nostrum
1213 2249 1427 2318 Lanuinum
1444 2246 1700 2334 commendat,
1825 2279 1826 2316 ;

352 2378 400 2427 ex
423 2357 598 2445 praefatis
621 2361 721 2442 patet
737 2356 909 2443 epistolia,
936 2357 1095 2443 ideoque
1118 2355 1217 2423 idem
1235 2351 1403 2422 Pontifex
1427 2351 1638 2422 facultatem
1663 2352 1698 2420 ei
1825 2393 1826 2412 2

351 2465 569 2551 impertitur,
594 2467 635 2531 ut
650 2466 735 2548 post
751 2462 894 2532 debitas
910 2463 1143 2547 monitiones,
1168 2478 1302 2528 omnes
1318 2465 1382 2528 aut
1398 2458 1605 2543 monacbis
1628 2452 1699 2527 'aut
1825 2487 1826 2540 3

272 2565 275 2572 ⁴
351 2572 565 2642 Monasterii
590 2571 700 2640 bonis
724 2570 934 2639 molestiam
959 2569 1157 2640 inferentes
1188 2569 1425 2640 anathemate
1448 2566 1628 2654 percutiat
1631 2619 1696 2635 ......
1825 2575 1826 2658 ζ

351 2679 549 2748 Crescente
573 2682 699 2747 autem
723 2682 894 2778 tempore
925 2677 1026 2746 Beati
1050 2677 1208 2746 Lanuini
1234 2677 1423 2764 regiminis
1447 2675 1698 2744 anachoreta-
1825 2677 1826 2770 l

286 2775 292 2780 ’
351 2802 437 2852 rum
462 2801 639 2868 numera,
668 2787 704 2850 et
728 2781 854 2850 multis
877 2783 1130 2852 austeritatem
1154 2785 1278 2852 Eremi
1303 2784 1459 2852 Sanctae
1483 2783 1623 2852 Mariae
1647 2783 1695 2853 de

349 2889 461 2957 Turri
484 2889 534 2958 ob
557 2893 787 2958 senectutem
813 2892 849 2958 et
865 2889 989 2959 varias
1012 2888 1245 2959 infirmitates
1267 2888 1364 2960 ferre
1380 2909 1455 2958 non
1473 2888 1700 2978 ualentibus¹
1825 2899 1826 2973 t

350 3013 398 3062 ne
422 2993 518 3064 illius
542 2995 642 3082 rigor
665 2998 879 3081 tepesceret,
905 3000 940 3064 et
963 2994 1098 3082 fervor,
1124 2996 1315 3066 Pascbalis
1338 2998 1451 3084 Papa,
1477 2997 1611 3067 eodem
1629 3000 1696 3068 La·
1825 2991 1826 3072 Ῐ

349 3105 465 3173 nuino
481 3102 740 3188 intercedente,
762 3104 955 3189 concessit,
981 3110 1022 3173 ut
1044 3107 1148 3174 iuxta
1166 3105 1350 3193 Regulam
1367 3106 1491 3175 Sancti
1507 3107 1696 3177 Benedicti

349 3210 579 3280 Monasterio
603 3210 726 3282 Sancti
744 3210 867 3280 Iacchi
883 3211 930 3279 de
945 3213 1154 3297 Montaum,
1180 3212 1293 3280 vitam
1318 3231 1429 3300 agere
1445 3215 1599 3299 possint,
1625 3233 1697 3284 nec
1825 3193 1826 3234 ³

349 3334 426 3384 nou
451 3321 491 3385 ut
514 3317 687 3402 Tirones,
720 3318 784 3404 qui
813 3337 834 3386 a
858 3317 1011 3387 saeculo
1043 3318 1090 3387 ad
1114 3317 1350 3387 Eremiticam
1377 3319 1488 3388 vitam
1514 3321 1698 3392 Cartusia-

349 3441 488 3490 norum
512 3424 834 3508 convertebantur,
859 3423 896 3491 in
917 3421 1083 3510 praefato
1100 3423 1327 3491 Monasterio
1347 3424 1597 3509 probarentur
1620 3427 1702 3495 sub

347 3533 550 3602 directione
574 3533 738 3602 duorum
758 3533 1032 3602 Monachorum
1056 3532 1260 3618 Praepositi
1283 3533 1327 3598 V.
1344 3534 1376 3618 3,
1402 3538 1438 3602 et
1453 3534 1584 3604 decani
1601 3554 1694 3603 nun·

348 3644 591 3726 eupatorum:
617 3641 804 3727 praecepit
819 3644 944 3708 tamen
969 3639 1069 3708 idem
1086 3637 1255 3707 Pontifex
1278 3640 1351 3708 sub
1367 3638 1514 3710 divinae
1530 3640 1695 3730 indigna·
1825 3685 1826 3722 r

348 3745 457 3814 tionis
481 3745 629 3832 ultione,
655 3752 696 3816 ut
718 3747 950 3835 praedictum
974 3745 1244 3814 Monasterium
1269 3747 1436 3832 separari
1460 3753 1621 3834 nequeat
1644 3749 1693 3818 ab

349 3854 487 3925 unitate
512 3856 637 3924 Eremi
659 3860 695 3924 et
719 3875 739 3924 a
765 3855 945 3943 regimine
970 3855 1140 3924 eiusdem
1163 3856 1339 3944 Magistri.
1366 3859 1472 3939 Quod
1492 3864 1617 3929 autem
1643 3860 1693 3930 ad

347 3962 482 4031 cellam
499 3963 681 4032 Mentabri
698 3981 767 4030 seu
782 3961 997 4046 Ecclesiam,
1023 3981 1120 4048 quae
1140 3962 1242 4050 apud
1258 3963 1498 4050 Squillacium
1516 3966 1584 4034 sita
1603 3970 1693 4052 erat,

347 4071 512 4158 pertinet,
539 4069 586 4138 de
602 4089 677 4156 qua
702 4066 890 4156 praefatae
911 4067 1097 4154 Epistolae
1122 4067 1315 4139 enucleate
1338 4070 1552 4159 loquuntur,
1578 4074 1695 4142 scien·

347 4176 441 4244 dum
467 4181 531 4260 est,
558 4175 659 4262 quod
684 4177 764 4261 ipsa
789 4176 922 4246 eadem
948 4181 1035 4261 erat,
1061 4193 1105 4244 ac
1128 4177 1399 4245 Monasterium
1417 4179 1539 4247 Sancti
1557 4179 1694 4268 lacobi,

347 4284 510 4371 quod-in
536 4282 726 4370 privilegio
751 4282 902 4351 Comitis
925 4283 1074 4371 Rogerii
1098 4302 1166 4370 pro
1191 4283 1405 4353 liberatione
1429 4303 1450 4353 a
1473 4283 1590 4372 Sergii
1605 4304 1689 4372 pro·
1825 4275 1826 4353 l

345 4389 483 4458 ditione
506 4390 542 4456 in
568 4389 762 4458 obsidione
782 4389 940 4458 civitatis
963 4391 1113 4477 Capuae
1137 4409 1361 4460 concessum
1388 4391 1528 4479 legitur,
1554 4392 1618 4460 ubi
1643 4393 1692 4463 ita

345 4495 538 4582 praefatus
563 4495 698 4564 Comes
723 4494 900 4582 loquitur:
926 4497 1069 4566 Donavi
1093 4501 1218 4566 autem
1244 4497 1365 4566 eidem
1389 4497 1487 4566 Patri
1512 4498 1697 4584 Bruuoni,
1825 4499 1826 4588 l
