3672 5216
359 233 417 296 122
756 251 887 296 naumis
908 251 1053 297 uruonuu
1076 253 1102 296 s.
1122 252 1296 298 rnnncrsci

358 350 449 427 cisci
478 376 590 454 super
618 351 754 429 oblatis
774 354 945 456 precibus
965 355 1160 430 rescribit:
1197 385 1215 426 e
1234 335 1359 431 Enixa
1379 357 1596 432 commendo
1615 381 1701 432 ora-

359 472 454 547 toris
484 498 664 575 preces».
696 474 840 562 Quanti
861 479 988 552 autem
1009 477 1100 552 liaeo
1129 476 1301 553 facienda
1319 477 1413 571 sint,
1437 477 1525 554 Emi
1545 478 1697 570 Patres,

358 617 401 668 eo
429 593 491 668 vel
520 594 684 670 maxime
713 597 809 697 quod
828 603 958 674 orator
986 598 1032 673 ad
1051 598 1220 674 ordinem
1249 599 1430 702 pertinet,
1453 598 1493 674 in
1522 623 1593 700 quo
1613 598 1699 701 ptu-

359 741 419 792 res
447 716 588 794 adsunt
617 719 844 812 sacerdotes,
876 724 1029 794 vestrae
1057 720 1131 794 erit
1161 719 1370 821 sapientiae
1398 719 1610 796 decernere.

412 837 583 926 ¹Quibus
610 841 795 942 expositis
832 835 1046 941 quaesitu'm
1084 840 1159 916 fuit
1186 840 1274 940 quid
1312 843 1411 916 esset
1439 841 1609 944 precibus
1639 866 1700 916 re·

360 959 634 1061 spondendum.

440 1079 679 1158 Rasouorro.
711 1084 826 1161 Sacra
853 1079 1045 1182 Congreg.
1078 1081 1195 1158 Cone.
1227 1106 1286 1162 re,
1304 1079 1515 1185 disceptata
1543 1083 1609 1158 sub
1637 1082 1697 1156 die

362 1199 410 1280 15
440 1201 528 1277 Iulii
562 1201 664 1278 1893
693 1201 842 1276 censuit
871 1201 1117 1302 respondere:
1153 1202 1231 1276 Pro
1260 1209 1416 1302 pretio,
1440 1209 1602 1308 precato
1631 1227 1700 1276 er·
1731 1187 1734 1196 ’

349 1328 569 1424 pertinento
596 1321 777 1418 soctotdo
813 1349 945 1398 cornua
978 1330 1165 1422 nefopistro
1202 1331 1541 1424 eumeutonturuut
1571 1347 1698 1422 respe-

358 1448 477 1516 ctione
504 1441 697 1516 meeum
730 1447 743 1516 t
754 1441 987 1516 'utdedrolts

323 1804 332 1818 ’
445 1797 448 1802 ’
519 1843 1529 1983 [recommemorata.

892 2101 1052 2137 *Ὗ

644 2339 650 2350 .
696 2217 940 2342 riemann
969 2265 1355 2344 sscnvnnsnun

928 2501 1125 2552 PENSIONIS

520 2720 577 2776 no
604 2719 646 2774 ro
667 2720 785 2776 neurus
811 2715 908 2774 1893.
1009 2675 1011 2680 ’

437 2893 695 2971 COMPENDIUM
715 2917 841 2970 raom.
865 2892 925 2968 Ad
945 2893 1170 2968 instantiam
1191 2892 1515 2995 pensionariorum
1544 2894 1696 2970 Ferrari

354 3017 393 3089 et
413 3013 580 3102 Ferraie,
613 3013 728 3087 tertio
756 3013 936 3090 redeunte
964 3038 1094 3106 causa,
1125 3019 1261 3088 contra
1281 3015 1508 3116 Episcopum
1529 3015 1698 3090 riversa-

354 3159 461 3226 num,
494 3134 692 3236 pensiones
711 3157 733 3208 a
755 3133 847 3209 Sede
867 3132 1088 3236 Apostolica
1107 3159 1219 3236 super
1240 3134 1321 3210 eius
1349 3160 1481 3210 mensa
1500 3134 1698 3236 impositas

353 3260 440 3358 po'st
468 3280 613 3332 annum
646 3253 749 3348 1860
777 3256 924 3341 solvere
943 3255 1235 3348 detrectantem,
1258 3261 1340 3330 tum
1360 3257 1404 3331 ob
1423 3259 1695 3358 superventum

353 3381 600 3477 augmentum
632 3380 825 3466 taxarum,
859 3384 941 3452 tum
969 3377 1013 3452 ob
1041 3376 1137 3452 alias
1165 3376 1365 3479 pensiones
1398 3377 1595 3452 arbitrarie
1624 3376 1697 3450 im-

353 3494 495 3596 positas
515 3521 538 3570 a
556 3495 748 3574 Gubernio
774 3495 1022 3570 Dtetotmr'utt
1037 3501 1076 3570 et
1095 3495 1470 3598 Locumteueuttutt:
1496 3495 1692 3571 dubitandi

353 3613 568 3690 formulae:
600 3615 662 3688 rin
694 3627 728 3689 et
757 3623 797 3689 to
826 3643 903 3716 pou
933 3642 1091 3690 setrumo
1122 3626 1158 3688 et
1185 3641 1259 3714 (peto
1290 3627 1457 3717 ternpore
1476 3615 1693 3718 Episcopus

352 3736 580 3810 Aoersunus
591 3743 801 3837 pensiones·
819 3736 962 3810 soluere
986 3746 1163 3810 tenentur
1183 3741 1220 3807 tu
1244 3762 1351 3810 eosu.
1375 3733 1414 3812 S.
1434 3733 1694 3836 Congregatio

351 3855 529 3957 Episcop.
554 3860 594 3930 et
613 3855 801 3956 Repnlar.
823 3856 883 3931 die
905 3858 928 3931 5
949 3855 1080 3932 Martii
1106 3852 1208 3932 1875
1231 3855 1555 3931 consultissimum
1575 3855 1692 3932 edidit

352 3999 599 4079 responsum:
640 4007 658 4048 e
690 3977 828 4052 Firmo
867 3987 1091 4051 reuomente
1119 3975 1318 4078 descripto
1353 3977 1430 4050 diet
1464 3976 1519 4054 28
1551 3977 1693 4079 totpo-

351 4106 402 4173 stt
430 4098 552 4182 1874,
586 4125 722 4200 nempe
751 4113 795 4172 ut
825 4105 979 4172 intertui
1011 4123 1088 4170 uon
1122 4097 1342 4170 rotundetur
1368 4097 1508 4171 solutio
1528 4109 1693 4198 perartoe

277 4297 280 4304 Δ
342 4225 475 4320 portis
486 4225 726 4325 pensionum
748 4219 1021 4302 decemsururu,
1045 4220 1269 4293 essetecum
1284 4245 1360 4320 pro
1384 4246 1489 4292 reterre
1508 4219 1696 4294 solutioni

352 4345 487 4414 tertiae
507 4345 640 4440 pertis
661 4351 844 4415 rutormu
857 4346 1098 4443 pensionum
1119 4340 1166 4412 od
1186 4339 1255 4414 doe
1280 4366 1386 4412 «irruo
1416 4340 1601 4413 [retemire
1629 4337 1693 4412 de-

352 4459 659 4540 eumendorurn,
677 4470 713 4532 et
727 4485 848 4534 cretoso
872 4471 1161 4562 reproponotur
1176 4459 1229 4534 od
1245 4466 1476 4534 enatandum
1488 4466 1683 4562 praetium,

348 4603 416 4652 seu
438 4585 571 4679 puetis·
599 4585 805 4654 tumrutoto
834 4591 938 4656 stetu
968 4580 1167 4654 redituum
1191 4577 1354 4654 dleusoe
1381 4579 1639 4682 Irpompaos.
1667 4608 1685 4650 ›
