3650 5242
703 297 871 342 uucmuuu.
1404 274 1463 340 151

115 399 257 472 stituta
285 397 616 475 commendantur.
647 397 689 473 52⁰
711 397 774 474 Ex
801 396 925 474 literis
954 397 994 474 S.
1018 397 1338 500 Congregationis
1375 401 1461 479 EE.

116 530 153 596 et.
180 519 278 598 RR.
310 547 374 597 an.
411 519 513 598 1853
540 520 784 622 approbantis
814 519 883 594 has
911 519 1241 621 Congregationes
1260 544 1327 595 ceu
1346 519 1466 598 Insti-

117 649 202 718 tuta
232 648 412 718 votorum
440 640 672 745 simplicium
700 645 739 716 et
768 637 809 717 3⁰
832 641 892 716 llx
913 640 1014 716 facto
1042 640 1192 716 (lenium
1212 639 1308 740 quod
1328 641 1367 717 in
1389 643 1466 719 ele

116 764 242 840 ctione
261 763 475 866 Superioris
496 761 696 838 Generalis
716 765 925 836 memorata
954 759 1213 862 Congregatio
1231 785 1379 864 semper
1397 788 1466 838 vo-

118 882 190 958 luit
220 883 268 958 ad
297 907 464 984 unguem
492 880 774 958 observantiam
805 881 1136 958 Constitutionum
1156 905 1224 956 ceu
1246 886 1398 957 constat
1416 908 1465 958 ex

115 1003 363 1080 electionibus
392 1003 437 1078 ab
456 1027 520 1078 an.
547 1001 649 1078 1863
680 1025 795 1102 usque
824 999 870 1074 ad
898 1025 962 1076 an.
999 1000 1115 1078 1884.
1147 1000 1247 1076 Hinc
1276 1001 1465 1078 Moniales

115 1123 365 1199 concludunt:
397 1149 445 1198 ex
475 1122 680 1198 traditione
708 1127 747 1195 et
774 1121 1015 1196 observantia
1048 1121 1126 1197 fere
1160 1121 1218 1197 bis
1245 1123 1467 1199 centenaria

113 1245 362 1347 corriperitur‚
393 1241 633 1345 Superiorem
661 1241 886 1318 Generalem
916 1240 1237 1344 Congregationis
1267 1242 1464 1319 Marianae
1517 1227 1524 1244 ’

116 1365 235 1440 luisse
264 1366 382 1440 etiam
413 1363 651 1466 Superiorem
680 1361 906 1439 Generalem
942 1361 1262 1463 Congregationis
1297 1360 1464 1437 filiarum

115 1486 159 1560 de
187 1487 228 1560 lu
259 1489 423 1587 stipasse
449 1489 488 1560 61
517 1484 553 1559 id
582 1509 658 1560 non
697 1467 822 1558 solum
854 1483 1110 1559 annuentibus
1144 1481 1358 1558 Ordinariis
1393 1482 1457 1557 sed

115 1606 232 1682 etiam
262 1606 380 1682 tacite
408 1605 638 1707 approbante
667 1605 749 1705 ipsa
777 1603 870 1680 Sede
899 1603 1132 1706 Apostolica.

194 1731 329 1828 Neque
348 1749 396 1802 ex
417 1725 487 1802 tali
514 1724 664 1802 unitate
684 1708 888 1827 superioris
917 1723 1036 1799 ullam
1064 1723 1157 1799 oriri
1185 1723 1461 1818 conlusionem‚

117 1845 302 1948 siquidem
332 1846 412 1947 ipse
443 1845 484 1921 in
514 1844 822 1946 Congregationc
854 1843 1081 1920 Monialium
1119 1843 1303 1943 invigilat
1337 1848 1463 1919 rectae

117 1968 233 2070 ipsius
261 1965 588 2042 administrationi
616 1970 656 2041 et
685 1964 915 2066 patrimonia
944 1965 1142 2066 utriusque
1164 1964 1340 2040 Instituti
1369 1970 1461 2041 sunt

116 2087 269 2164 omnino
297 2085 511 2162 distincta:
543 2085 634 2186 quin
662 2083 739 2160 imo
767 2084 837 2160 sibi
871 2085 1077 2160 maximam
1112 2085 1323 2161 utilitatem
1352 2087 1465 2162 obve-

118 2209 216 2285 nisse
245 2211 287 2282 et
315 2206 527 2308 proiectum
557 2211 639 2282 tum
668 2205 708 2281 in
736 2205 891 2307 regulae
919 2205 1282 2298 observantiarum
1308 2207 1461 2282 incon-

117 2327 335 2404 servatione
377 2327 565 2429 primitivi
608 2326 787 2429 spiritus,
823 2330 863 2401 et
905 2327 936 2401 si
980 2331 1149 2428 tempore
1190 2325 1491 2402 Revolutionis

117 2475 176 2524 an.
214 2447 321 2526 1793
357 2473 380 2523 a
417 2446 605 2549 primitivi
645 2446 805 2548 spiritus
843 2445 992 2522 1611016
1029 2469 1105 2523 non
1133 2445 1287 2539 decidit,
1318 2453 1386 2522 aut
1414 2448 1459 2524 ab

118 2568 308 2672 apostasia
337 2568 400 2643 vel
428 2569 633 2644 schismate
667 2565 925 2668 Congregatio
962 2568 1143 2644 immunis
1182 2567 1321 2659 evasit,
1353 2567 1390 2643 id
1418 2568 1464 2643 ab

119 2689 323 2766 enunciata
351 2687 454 2764 facto
481 2687 743 2791 repetendum.
776 2686 875 2763 Hinc
904 2687 1124 2791 Superiores
1152 2687 1359 2764 Generales
1384 2692 1465 2764 tra·

118 2807 201 2884 duci
220 2832 331 2912 posse
351 2831 428 2884 non
446 2831 515 2884 ceu
534 2808 750 2903 damnosos,
773 2805 835 2881 sed
862 2807 986 2909 potius
1005 2831 1072 2883 ceu
1092 2806 1343 2883 benemeritos
1363 2807 1465 2885 Oen-

121 2927 369 3028 gregationis.

198 3047 328 3124 Tertio
356 3047 508 3122 demum
538 3047 724 3123 Moniales
745 3059 922 3124 asserunt
951 3047 1021 3122 sibi
1049 3047 1353 3124 conservandum
1381 3071 1462 3122 esse

120 3169 357 3271 Superiorem
378 3168 619 3261 Generalem,
642 3169 730 3270 quia
758 3167 978 3244 immutatio
998 3169 1037 3244 in
1058 3168 1128 3244 hoc
1147 3168 1303 3270 regulae
1323 3170 1465 3269 puncto

119 3289 229 3392 plura
256 3289 492 3368 incommoda
518 3297 558 3366 et
586 3291 725 3367 damna
745 3293 909 3392 pareret.
942 3289 1039 3366 Sane
1072 3289 1109 3366 1ο
1131 3291 1202 3366 ’101
1233 3289 1462 3364 haberentur

121 3412 350 3512 Superiores
373 3415 465 3512 quot
484 3415 575 3487 sunt
603 3411 812 3503 Ordinarii‚
834 3411 874 3485 iu
895 3434 1055 3510 quorum
1075 3409 1313 3486 Dioecesibus
1333 3408 1466 3484 domus

120 3539 252 3607 extant
279 3532 458 3608 instituti
486 3531 675 3608 Filiarum
699 3533 744 3606 da
763 3533 802 3604 lo
823 3535 1001 3632 b'apessr:
1024 3530 1113 3606 hinc
1132 3530 1309 3604 deiiceret
1331 3527 1460 3604 unitas

121 3649 275 3750 spiritus
302 3657 343 3727 et
361 3650 596 3728 directionis.
619 3649 661 3727 2⁰
683 3650 918 3727 Missionarii
935 3650 1135 3726 Societatis
1158 3649 1354 3725 Marianae
1372 3649 1466 3724 bene

123 3767 295 3846 instructi
325 3772 366 3849 in
395 3773 534 3874 spiritu
553 3778 592 3849 et
611 3772 785 3848 doctrina
814 3773 861 3848 B.
884 3771 1114 3849 Fundatoris
1140 3773 1466 3849 substituerentur

60 3971 69 3992 ‚
122 3889 167 3964 ab
192 3891 274 3967 aliis
302 3893 560 3969 sacerdotibus
588 3893 811 3996 plerumque
841 3892 1002 3996 indoctis
1032 3893 1074 3968 in
1103 3891 1172 3968 hoc
1201 3897 1344 3995 puncto
1377 3915 1464 3967 cum

124 4009 254 4088 11011110
289 4013 460 4090 evidenti
499 4013 837 4113 Congregationis.
868 4012 911 4090 3⁰
932 4011 1004 4090 Sed
1033 4013 1129 4113 quod
1164 4013 1286 4114 magis
1320 4015 1379 4088 est
1416 4035 1465 4088 ex

125 4129 194 4204 bac
219 4131 485 4211 immutatione
513 4133 725 4209 maximum
753 4131 974 4210 scandalum
1004 4133 1171 4209 oriretur
1199 4131 1298 4235 apud
1318 4131 1462 4226 fideles,

124 4251 188 4350 qni
214 4254 376 4354 profecto
413 4255 625 4346 crederent,
657 4256 775 4331 talem
818 4255 1127 4332 immutationem
1169 4255 1462 4331 fundamentum

127 4369 291 4449 babuisse
320 4375 360 4452 in
387 4375 513 4452 causis
546 4374 690 4451 ordinis
738 4377 905 4455 moralis.
952 4377 1053 4454 Hinc
1086 4376 1274 4454 Moniales
1313 4374 1468 4453 conclu-

126 4487 219 4566 dunt
236 4491 434 4571 afferentes
453 4495 716 4571 testimonium
734 4494 912 4598 Episcopi
928 4497 1178 4573 Lucionensis
1195 4496 1320 4590 Celet,
1334 4498 1466 4598 postea

127 4611 175 4684 ad
202 4609 326 4691 Sedem
355 4614 725 4720 Arcbiepiscopalem
754 4621 1014 4697 Turonensem
1043 4619 1188 4713 evecti,
1219 4619 1283 4720 qui
1312 4641 1466 4719 separa-
