3650 5242
304 243 345 306 aa
867 259 1086 304 cassururirus

306 362 653 438 inconsummatum
689 361 889 437 mansisse.
931 361 1138 462 Propterea
1165 383 1213 433 ex
1242 357 1439 458 utriusque
1476 355 1651 457 coniugis

306 481 479 556 unanimi
508 491 547 556 et
576 480 750 556 concordi
779 479 949 556 iudiciali
977 478 1213 556 confessione
1251 481 1425 554 constare
1453 476 1652 577 colligitur

304 602 350 676 de
378 600 605 702 impotentia
637 625 685 676 ex
721 599 935 701 frigiditate
971 605 1146 700 experta,
1179 601 1218 672 et
1256 601 1468 700 perspecta,
1501 601 1540 672 et
1567 596 1651 669 ideo

305 720 541 796 matrimonii
562 719 781 794 nullitatem
801 743 1000 818 exurgere.
1034 719 1219 794 Attamen
1239 717 1443 809 coniugum
1463 713 1651 790 confessio

306 849 393 944 post
421 841 560 917 initum
591 839 876 915 matrimonium
896 843 1031 914 contra
1049 839 1216 914 eiusdem
1236 835 1404 912 valorem
1425 835 1553 911 elicita
1573 858 1652 910 non

304 963 440 1038 statim
470 960 647 1063 probandi
677 961 756 1035 vim
786 961 912 1050 habet,
936 961 1011 1035 imo
1040 961 1122 1060 ipsa
1149 958 1230 1034 sola
1257 962 1296 1033 et
1324 981 1390 1058 per
1418 982 1458 1031 se
1486 955 1588 1031 omni
1608 954 1652 1029 vi

304 1087 411 1161 caret
438 1107 506 1184 ceu
534 1084 703 1158 clamant
731 1081 832 1172 iura;
867 1081 930 1156 sed
949 1079 1193 1182 expendenda
1215 1083 1274 1154 est
1293 1073 1378 1153 eum
1407 1076 1543 1152 ceteris
1564 1097 1650 1178 pro-

306 1203 502 1280 bationum
534 1202 751 1303 generibus:
784 1201 988 1276 audiantur
1016 1226 1107 1302 ergo
1135 1201 1281 1276 Testes.

390 1323 429 1397 2.
462 1324 593 1398 'l'estes
622 1322 685 1424 qui
714 1327 902 1398 vocantur
930 1324 1112 1422 septimae
1136 1347 1269 1396 manus
1298 1347 1320 1396 a
1349 1319 1513 1430 Paulina
1540 1319 1654 1394 indu-

305 1444 376 1534 cti,
407 1442 695 1544 consanguinei,
728 1442 875 1535 affineS,
908 1443 1021 1518 amici
1050 1442 1217 1518 familiae
1242 1439 1418 1518 fuerunt:
1443 1441 1483 1516 hi
1502 1465 1648 1532 ornnes,
1672 1513 1694 1548 -.

309 1565 516 1667 praemisso
546 1564 761 1638 iuramento
789 1568 828 1638 et
856 1563 1024 1666 perlecta
1053 1563 1237 1640 Paulinae
1264 1563 1511 1666 depositione,
1542 1560 1654 1637 alu·
1691 1557 1696 1564 ’

306 1685 389 1760 dice
416 1685 644 1784 interrogati
674 1684 846 1758 unanimi
866 1688 1067 1776 concentU,
1091 1688 1128 1758 et
1149 1685 1384 1784 unanimiter
1405 1683 1523 1785 ipsam
1543 1707 1654 1758 men-

281 1802 408 1902 ,dacii
440 1829 520 1879 esse
554 1803 709 1879 omnino
745 1803 962 1905 incapacem
999 1803 1275 1906 deposuerunt:
1307 1804 1352 1879 de
1388 1803 1523 1904 Sponsi
1559 1826 1652 1877 vero

309 1925 535 2026 impotentia
565 1923 666 2024 loqui
695 1923 792 2026 apud
822 1947 951 2000 omnes
979 1923 1199 2016 audivisse,
1220 1929 1258 1999 et
1290 1928 1487 2025 procerte
1516 1923 1652 1998 habere

309 2045 595 2121 matrimonium
626 2067 832 2144 numquam
862 2044 978 2119 fnisse
1006 2048 1309 2120 consummatum
1339 2045 1382 2120 ob
1416 2043 1651 2146 praedictum

310 2168 361 2242 in·
382 2165 476 2240 Viro
504 2165 815 2267 impedimentum
846 2165 979 2242 testati
1008 2170 1114 2240 sunt.

391 2287 447 2361 nd
478 2287 702 2361 instantiam
735 2287 857 2362 Rrbae
887 2287 1025 2364 Curiae
1054 2287 1247 2363 Bariensis
1273 2285 1453 2360 iudicium
1483 2284 1555 2358 rite
1577 2283 1654 2358 luit

308 2407 533 2482 institutum
563 2407 603 2480 in
633 2405 751 2483 Curia
779 2404 1026 2482 Castrimaris
1056 2407 1285 2498 Stabiarum,
1318 2406 1362 2480 ad
1392 2431 1505 2505 quam
1526 2406 1654 2480 vocati

309 2530 401 2600 sunt
430 2526 562 2601 Testes
591 2526 775 2628 septimae
805 2551 954 2617 manus,
986 2526 1147 2619 scilieet,
1178 2525 1471 2627 consanguinei,
1502 2524 1649 2616 affines,

308 2646 439 2735 amici,
471 2647 572 2722 inter
601 2670 692 2746 quos
734 2645 849 2720 etiam
879 2647 1105 2721 sacerdotes.
1147 2647 1218 2723 lsti
1247 2671 1397 2739 omnes,
1430 2652 1513 2748 post
1548 2646 1653 2721 iura-

313 2770 500 2856 mentum,
532 2765 617 2866 plus
656 2764 854 2864 minusque
883 2765 927 2839 de
955 2766 1102 2855 auditu,
1134 2771 1173 2842 et
1201 2766 1299 2868 apud
1334 2791 1463 2842 omnes
1491 2766 1536 2841 de
1565 2765 1655 2841 vul-

309 2891 402 2988 gata
432 2885 559 2962 Caroli
589 2884 678 2961 Orel
712 2886 938 2986 impotentia
966 2910 1052 2961 cum
1086 2886 1309 2964 hebetudine
1347 2887 1551 2962 coniuncta
1579 2908 1654 2960 uno

311 3031 374 3082 ore
402 3005 662 3082 affirmarunt:
695 3005 757 3081 sed
787 3006 911 3081 Testis
940 3006 984 3081 de
1013 3006 1183 3083 Martino
1202 3008 1318 3083 etiam
1348 3009 1393 3082 (le
1420 3016 1505 3082 orta
1535 3009 1657 3081 testa-

311 3133 376 3202 tus
404 3133 477 3220 est,
510 3127 693 3227 siquidem
723 3151 763 3200 se
791 3127 933 3202 vidisse
961 3126 1116 3230 deponit
1145 3127 1273 3206 Caroli
1301 3154 1446 3231 organa
1470 3127 1658 3230 genitalia

304 3237 405 3348 ¹quae
433 3246 782 3348 imperfectissima,
805 3247 909 3322 etad
938 3250 1223 3348 generationem
1242 3248 1372 3350 inepta
1395 3252 1521 3324 erant.
1553 3245 1660 3321 Huc-

311 3373 429 3473 usqde
458 3373 590 3448 Testes
619 3397 667 3446 ex
695 3375 856 3472 utraque
885 3377 992 3475 parte
1021 3374 1060 3449 in
1094 3374 1200 3448 curia
1229 3373 1403 3449 Bariensi
1441 3376 1481 3447 et
1509 3370 1662 3448 Castri-

315 3493 435 3568 maris
464 3492 591 3567 vocati
619 3495 657 3566 et
686 3492 823 3567 auditi.
1221 3505 1224 3512 '

391 3611 463 3693 Sed
490 3613 641 3688 iubente
670 3612 740 3700 hac
769 3613 808 3690 S.
832 3613 1139 3715 Congregatione
1160 3614 1317 3716 Neapoli
1337 3638 1481 3714 quoque
1509 3612 1556 3688 ad
1575 3619 1658 3686 tra-

312 3732 445 3808 mitem
473 3731 568 3807 iuris
596 3736 756 3809 vocatus
785 3737 844 3809 est
863 3733 912 3809 D.
935 3734 1095 3811 Carolus
1125 3732 1227 3827 Cler,
1245 3737 1285 3810 ct
1312 3737 1398 3835 post
1425 3758 1512 3808 enm
1535 3735 1654 3808 testes

310 3856 496 3954 septimae
526 3878 675 3930 manus.
712 3854 873 3932 Carolus
903 3881 990 3959 pars
1023 3853 1243 3958 principalis
1275 3854 1477 3930 confirmat
1508 3852 1650 3946 omnia,

312 3996 406 4084 quae
434 3971 531 4046 alias
559 3971 801 4075 deposuerat,
842 3974 1020 4050 videlicet
1057 3973 1261 4050 confitetur
1297 3979 1427 4076 aperte
1462 3970 1655 4075 propriam

312 4091 599 4193 impotentiam,
632 4099 670 4170 et
698 4092 781 4170 sine
823 4094 1042 4195 ambagibus
1078 4095 1136 4170 sui
1165 4094 1401 4171 matrimonii
1436 4095 1657 4171 inconsum-

311 4212 534 4306 mationem,
567 4240 635 4292 nec
664 4214 849 4291 Paulinae
878 4216 917 4291 in
947 4214 1083 4291 iudicio
1115 4215 1227 4292 dictis
1255 4216 1334 4294 ullo
1363 4215 1471 4291 modo
1503 4219 1656 4291 contra-

237 4361 243 4372 ·
309 4330 418 4409 dicit.
452 4339 526 4413 Ast
555 4335 731 4437 ampliori
760 4335 868 4428 modo
897 4335 1028 4410 Testes
1057 4335 1169 4412 acciti
1197 4335 1242 4412 de
1271 4335 1399 4415 Caroli
1427 4334 1655 4436 impotentia

251 4455 274 4560 ’ἱ
312 4452 581 4556 deposuerunt,
613 4481 726 4556 quam
754 4457 1060 4550 antecedentem,
1092 4458 1326 4550 absolutam,
1357 4463 1655 4561 perpetuamque

309 4601 393 4652 esse
420 4577 615 4670 dixerunt3
640 4577 828 4678 quinimo
858 4577 990 4680 loseph
1026 4578 1201 4654 Rossetti
1229 4578 1290 4653 vir
1319 4579 1471 4681 gravis,
1502 4581 1656 4654 attenta
