3694 5230
634 443 982 523 GAMERAGEN.

689 659 926 714 MATRIMONII

339 853 400 912 Dic
427 854 469 910 18
489 855 609 912 Martii
633 850 735 914 1893.

940 967 1015 1019 Scan.
1036 966 1072 1020 24
1091 980 1151 1032 esp.
1172 963 1190 1018 9
1209 966 1247 1016 De
1267 963 1380 1018 reform.
1399 966 1484 1017 matr.

215 1135 481 1213 Oournunmu
509 1154 637 1210 uteri.
669 1133 706 1206 V
707 1136 857 1211 ertente
881 1157 1010 1209 mense
1032 1133 1238 1210 Novembri
1261 1131 1379 1228 1890,
1410 1134 1486 1209 Ar-

133 1255 398 1359 chiepiscopus
427 1253 714 1330 Cameracensis
743 1252 782 1329 S.
812 1253 858 1332 0.
891 1253 1108 1332 transmisit
1137 1278 1266 1357 preces
1291 1251 1485 1331 cuiusdam

134 1372 351 1452 Desiderati
378 1374 551 1467 Lemort,
583 1372 647 1473 qui
677 1373 967 1450 matrimonium
986 1400 1010 1450 a
1028 1398 1067 1450 se
1096 1373 1236 1451 initum
1256 1397 1342 1450 cum
1360 1373 1486 1450 Maria

134 1495 361 1596 Dennequin
379 1517 509 1570 coram
529 1493 692 1596 parocho
711 1492 828 1596 patrii
847 1484 1015 1596 oppiduli
1031 1493 1265 1572 Steenverck
1283 1478 1389 1572 11158
1406 1493 1483 1569 No-

135 1617 305 1696 vembris
338 1617 462 1712 1886,
502 1616 676 1694 mulieris
715 1618 964 1721 impotentiae
999 1641 1113 1721 erge,
1153 1617 1348 1696 nullitatis
1385 1617 1483 1694 vitio

136 1740 324 1818 infectum
344 1739 463 1817 fuisse
481 1737 745 1816 contendebat.
770 1739 868 1817 Cum
888 1741 1015 1816 autern
1035 1739 1330 1844 Archiepiscopo
1350 1739 1487 1815 rescri-

135 1865 247 1966 ptum
261 1860 413 1954 fuisset,
432 1863 477 1936 ut
492 1859 657 1936 servatis
676 1885 725 1936 ex
739 1859 821 1936 iure
836 1858 1048 1953 servandiS,
1067 1884 1283 1963 processum
1301 1858 1481 1962 inprime

136 1979 415 2058 iurisdictionis
444 1979 564 2082 gradu
602 2004 721 2082 usque
755 1979 802 2055 ad
835 1979 1065 2057 sententiam
1093 1979 1333 2058 definitivam
1369 1979 1488 2057 confi-

135 2124 223 2177 cere
250 2103 427 2193 curaret,
467 2098 541 2174 rite
568 2098 613 2174 ab
642 2122 686 2176 eo
715 2099 882 2176 tribunal
910 2099 951 2176 in
979 2099 1138 2176 civitate
1165 2099 1384 2195 Insulensi,
1426 2099 1488 2177 ubi

136 2221 247 2298 modo
276 2222 382 2297 actor
408 2219 539 2321 degit,
569 2217 629 2296 die
661 2219 689 2297 4
715 2219 931 2296 Decembris
959 2221 1213 2298 constitutum
1241 2220 1342 2316 fuit,
1374 2223 1487 2323 atque

135 2342 238 2446 apud
267 2341 364 2419 illud
391 2341 526 2418 statim
556 2346 645 2418 acta
672 2341 853 2417 inchoata
880 2340 1051 2417 fuerunt.

220 2461 439 2538 Praemisso
472 2461 686 2538 iuramento
718 2459 927 2538 defensoris
961 2460 1220 2553 matrimonii,
1262 2460 1329 2536 sub
1363 2485 1490 2536 saera-

137 2587 261 2665 menti
289 2585 474 2689 religione
501 2584 773 2688 depositionem
801 2584 919 2660 edidit
946 2581 1191 2662 Desideratus
1219 2583 1389 2679 Lemort,
1421 2584 1486 2686 qui

135 2731 266 2784 coram
294 2705 418 2783 iudice
445 2705 669 2801 affirmavit,
692 2730 850 2782 uxorem
869 2729 977 2782 suam
1005 2703 1354 2808 hermaphroditam
1381 2729 1477 2796 esse,

136 2832 312 2934 hancque
330 2831 375 2906 ob
393 2854 547 2906 causam
562 2855 601 2906 se
621 2854 827 2931 numquam
842 2854 928 2908 cum
943 2855 988 2906 ea
1005 2830 1292 2907 matrimonium
1313 2853 1490 2906 cousum-

136 2975 243 3026 mare
262 2947 446 3043 valuisse,
468 2947 560 3024 licet
580 2949 702 3052 spatio
720 2947 773 3026 28
792 2949 953 3042 dierum,
975 2973 1048 3051 quo
1068 2948 1182 3025 simul
1201 2947 1485 3042 cohabitarunt,

138 3069 220 3147 fere
248 3069 416 3171 quotidie
444 3067 491 3146 ad
518 3066 557 3143 id
585 3069 801 3145 tentamina
828 3067 1056 3146 adhibuerit.
1102 3069 1258 3147 Retulit
1291 3071 1489 3172 praeterea

136 3214 179 3266 se
206 3189 321 3294 paulo
340 3195 431 3266 ante
459 3215 481 3266 a
502 3189 626 3265 Maria
646 3190 799 3292 petiisse
820 3189 1050 3266 medicorum
1070 3189 1365 3268 declarationem
1384 3187 1489 3265 illius

137 3309 407 3414 impotentiam
434 3309 740 3412 comprobantem
776 3311 821 3387 ab
849 3303 972 3412 eaque
993 3311 1182 3415 accepisse
1210 3311 1408 3404 chartam,
1448 3310 1489 3386 in

137 3457 215 3533 qua
243 3430 369 3506 Maria
396 3426 622 3530 Denuequin
651 3431 887 3530 recognoscit
915 3430 1106 3534 propriam
1133 3429 1415 3534 impotentiam,
1451 3433 1490 3505 et

138 3575 368 3628 consensum
382 3550 550 3652 praebet,
569 3553 612 3626 ut
629 3574 739 3626 suum
759 3551 1047 3630 matrimonium
1065 3551 1254 3628 irritetur.
1277 3550 1380 3628 llaec
1395 3574 1487 3626 vero

139 3669 372 3765 declaratio,
412 3695 507 3772 quae
535 3671 580 3746 ab
609 3669 839 3746 auctoritate
869 3671 1090 3775 municipali
1119 3671 1317 3774 recognita
1345 3670 1486 3764 fuerat,

139 3792 325 3869 tribunali
362 3791 533 3869 exhibita
570 3792 615 3868 ab
645 3797 795 3887 actore,
840 3791 974 3870 deinde
1011 3796 1201 3898 processui
1238 3795 1386 3872 adnexa
1413 3798 1486 3872 est.

141 3913 284 3989 Postea
322 3936 410 3989 cum
438 3912 564 3989 Maria
601 3912 771 4016 legitime
799 3914 919 3991 citata
955 3920 994 3991 et
1021 3916 1164 4018 pluries
1197 3917 1244 3994 ad
1272 3942 1492 4020 comparen-

139 4031 232 4109 dum
260 4059 284 4108 a
312 4032 476 4136 parocho
505 4033 579 4110 loci
611 4034 843 4111 Steenverck
881 4034 1083 4112 adhortata
1110 4037 1152 4114 in
1180 4038 1318 4115 iudicio
1355 4039 1491 4114 sistere

140 4152 344 4242 noluisset,
375 4152 490 4229 iudex
517 4152 730 4255 delegatus
761 4153 901 4231 (11529
931 4154 1100 4232 Ianuarii
1133 4156 1231 4236 1891
1268 4158 1374 4235 illius
1403 4183 1493 4235 con-

141 4274 349 4350 tumaciam
377 4273 602 4350 declaravit.
635 4274 741 4349 Tunc
759 4275 881 4351 auditi
901 4281 992 4352 sunt
1011 4280 1129 4354 testes
1151 4278 1334 4381 septimae
1354 4303 1490 4355 manus

142 4393 244 4490 viri,
284 4419 328 4472 ac
357 4393 512 4472 tandem
541 4393 668 4497 opinio
704 4394 863 4471 duorum
896 4396 1126 4474 medicorum
1163 4400 1283 4501 quoad
1316 4427 1360 4476 aa
1397 4425 1491 4501 quae

140 4511 313 4616 deposita
342 4513 497 4592 fuerant
525 4513 717 4615 exquisita
744 4514 832 4592 fuit.
866 4517 997 4592 Testes
1025 4542 1073 4594 ex
1093 4524 1201 4620 parte
1225 4519 1411 4614 mulieris,
1443 4545 1492 4596 ex

142 4632 264 4712 officio
293 4635 422 4711 vocati
451 4658 527 4712 non
556 4636 662 4729 sunt,
695 4635 825 4712 forsan
853 4659 897 4712 eo
925 4637 1013 4739 quia
1031 4637 1130 4715 idem
1149 4639 1335 4743 parochus
1362 4640 1404 4718 in
1422 4666 1492 4719 sua
