3650 5242
355 275 414 338 158
952 295 1093 340 cannen.

354 397 548 496 sbyterum
578 397 727 472 monuit
755 395 932 471 incidisse
959 397 1003 472 ob
1032 397 1101 472 hoe
1131 397 1290 490 factum,
1322 397 1360 473 in
1389 397 1692 472 excommunica-

353 518 495 593 tionem
524 545 546 592 a
573 517 709 602 ,Oonst
741 517 986 618 Apostolr'coe
1013 516 1124 594 Sedis
1152 517 1270 593 latam
1303 520 1437 592 contra
1468 529 1689 620 «cooperatos,

350 647 429 714 sice
456 641 618 721 directe,
657 645 734 713 stre
763 637 945 710 r'mlc'rerte
974 638 1118 712 r‘mlr'ces
1147 638 1264 714 laicos
1292 639 1344 712 recl
1373 639 1610 713 trahendum
1640 639 1692 712 od

350 785 471 836 sutem
492 759 667 834 tribunal
685 763 879 860 personas
899 758 1184 840 ecclesiastices,
1204 769 1365 859 prrmtcr
1385 765 1594 832 santonicos
1614 757 1693 832 clis-

343 887 557 984 posr'tz'curs
580 903 623 968 »3
670 881 710 952 et
739 878 779 952 in
807 876 923 952 aliam
961 877 1005 952 ab
1032 876 1160 953 eadem
1189 879 1361 955 vConstit.
1402 878 1522 955 latam
1558 884 1693 955 contra

352 1002 599 1103 impedientes
628 999 766 1074 directe
794 1000 852 1074 rel
882 1000 1062 1074 indirecte
1090 1007 1316 1076 erercr'lr'uut
1337 1001 1618 1099 iurisdictionis
1636 1028 1696 1076 ec·

350 1123 597 1198 clrsr'osticae.

433 1241 629 1319 Interdum
658 1240 827 1317 tribuual
858 1240 996 1317 laicum
1015 1231 1166 1317 'indixit
1195 1241 1423 1344 Religiosis,
1455 1249 1499 1317 ut
1527 1241 1694 1344 Asylum

351 1364 626 1465 relinquerent,
659 1362 733 1437 nisi
762 1360 909 1437 vellent
938 1362 1071 1463 proiici
1095 1387 1160 1463 per
1178 1363 1273 1452 vim,
1306 1361 1408 1437 inire
1427 1367 1506 1438 tres
1527 1387 1691 1441 menses.

351 1487 404 1565 Et
433 1510 499 1587 per
528 1486 605 1572 vim
634 1485 776 1559 eiectae
804 1481 975 1575 suerunt,
1007 1482 1146 1585 elapsis
1174 1484 1294 1559 tribus
1322 1485 1527 1560 mensibus.

431 1605 511 1680 Hac
536 1604 684 1708 prolata
704 1601 897 1679 sententia
925 1604 1124 1705 presbyter
1143 1603 1241 1681 ean
1268 1605 1469 1680 certiorem
1489 1604 1581 1680 fecit
1601 1603 1697 1706 Epi-

351 1749 504 1828 scopum
534 1749 615 1801 sese
635 1725 891 1799 subiecturum
913 1721 1050 1798 iudicio
1069 1723 1309 1826 Apostolicee
1329 1725 1435 1800 Sedis
1464 1724 1562 1799 h'ane
1581 1747 1697 1823 quae-

350 1848 529 1922 stionem.

730 2112 1021 2194 Disceptatio
1045 2109 1309 2194 synoptica.

430 2327 626 2404 Dsnsnsro
656 2327 907 2402 Pnnsnxrsm
937 2326 1061 2404 Oxrl.
1094 2323 1220 2412 Quum
1249 2329 1332 2400 tota
1350 2325 1522 2424 quaestio
1551 2325 1695 2402 limite-

352 2453 419 2524 tur
451 2449 552 2523 circe
579 2447 692 2546 Asyli
722 2446 993 2549 proprietatem
1031 2451 1070 2521 et
1101 2445 1362 2547 expulsionem
1391 2444 1616 2521 monialium
1650 2448 1696 2523 ab

350 2569 432 2671 ipso
461 2568 610 2668 Asy10‚
656 2565 865 2668 tripliciter
899 2565 1033 2642 divisit
1069 2565 1211 2642 Orator
1246 2590 1354 2642 suam
1383 2566 1609 2642 orationem.
1650 2568 1698 2644 In

351 2691 475 2792 primo
512 2691 652 2790 p'nncto
685 2691 885 2780 autumat,
932 2688 1204 2790 proprietatem
1232 2687 1344 2788 Asyli
1377 2713 1458 2762 esse
1495 2687 1697 2765 exclusive

351 2834 466 2912 penes
510 2809 772 2911 presbyterum
806 2806 926 2901 Cata3
977 2809 1019 2885 in
1051 2809 1213 2884 secundo
1250 2807 1421 2882 vindicat
1458 2807 1697 2909 expulsionis

352 2931 616 3032 religiosarum
646 2929 838 3004 iustitiam
870 2932 910 3004 et
944 2928 1310 3016 rationabilitateni;
1362 2929 1401 3003 in
1431 2929 1546 3004 tertio
1575 2927 1697 3006 solvit

203 3095 206 3103 ·
286 3113 291 3125 .
353 3051 556 3129 nonnullas
584 3048 899 3135 difficultatesin
928 3049 1163 3126 contrarium
1193 3049 1347 3141 allatas,
1371 3053 1452 3124 tum
1473 3047 1593 3150 quoad
1617 3049 1700 3152 pri·
1816 3115 1817 3136 ,

350 3198 470 3265 mum,
502 3179 584 3247 tum
614 3169 734 3272 quoad
763 3169 972 3246 secundum
1001 3175 1200 3273 punctum.

432 3294 485 3370 Et
514 3292 633 3392 quoad
662 3289 827 3393 primum
861 3291 973 3367 enixe
1001 3295 1239 3393 propugnat,
1280 3293 1553 3394 proprietatem
1582 3291 1700 3392 Asyli
1816 3359 1817 3372 ἶ

351 3439 432 3490 esse
460 3413 656 3489 exclusive
689 3410 788 3514 apud
822 3412 1085 3512 presbyterum
1115 3411 1234 3501 Galim
1281 3413 1368 3512 quia
1404 3412 1511 3487 illius
1544 3413 1700 3488 nomine
1816 3433 1817 3488 l

352 3537 521 3636 emptum
551 3532 626 3610 fuit
656 3533 794 3627 solum,
825 3534 865 3608 in
894 3556 966 3633 quo
993 3531 1247 3608 extruendum
1275 3537 1359 3610 erat
1388 3531 1571 3632 Asylum;
1613 3533 1699 3610 eius
1816 3523 1817 3526 ¹

353 3653 502 3730 nomine
530 3655 672 3756 emptio
701 3652 793 3730 haec
821 3653 944 3729 relata
973 3653 1048 3730 fuit
1086 3653 1127 3728 in
1155 3653 1313 3755 publicis
1342 3654 1528 3754 regestis,
1568 3657 1608 3728 et
1636 3653 1703 3730 in·
1816 3669 1817 3702 l

282 3819 283 3822 =
353 3775 563 3877 scriptam
591 3774 714 3850 officio
743 3773 1060 3876 hypothecarum
1104 3779 1143 3850 et
1171 3773 1244 3876 ipsi
1271 3773 1375 3850 facta
1403 3773 1477 3849 fuit
1506 3773 1699 3876 regularis

352 3892 509 3969 traditio
538 3893 721 3996 praedicti
750 3892 872 3968 fundi.
912 3893 1028 3970 Emit
1056 3897 1250 3996 praeterea
1277 3895 1551 3996 proprietatem
1579 3893 1699 3995 Asyli
1816 3979 1817 3988 y

351 4039 435 4091 esse
461 4015 561 4118 apud
590 4013 702 4108 Oeta,
734 4013 823 4114 quia
850 4014 931 4116 ipse
960 4019 1068 4090 actus
1098 4014 1343 4117 possessionis
1371 4019 1411 4090 et
1438 4013 1596 4089 dominii
1626 4039 1701 4116 pu·
1816 4015 1817 4086 1

351 4134 467 4211 blicos
496 4141 535 4231 et
564 4135 730 4212 notorics
759 4135 948 4226 exercuit;
995 4134 1083 4235 quia
1110 4137 1190 4238 ipse
1218 4136 1321 4211 solus
1349 4134 1430 4237 egit
1458 4159 1545 4210 cum
1572 4135 1702 4211 artitl-
1816 4175 1817 4218 p

352 4257 457 4333 cibus
485 4260 525 4332 et
552 4257 750 4358 operariis,
781 4255 845 4355 qui
875 4254 1040 4356 Asylum
1068 4254 1366 4332 fabricaverunt.
1415 4255 1522 4343 Quae
1549 4255 1696 4351 omnia,
1816 4329 1817 4336 ,

352 4377 468 4454 simul
497 4381 665 4480 sumpta,
698 4400 807 4452 nemo
826 4376 980 4477 negabit
1007 4376 1191 4453 conficere
1228 4376 1400 4469 titulum,
1433 4399 1504 4478 quo
1524 4375 1702 4479 proprie-
1816 4377 1817 4448 ]

353 4501 414 4574 tes
451 4501 490 4572 et
523 4497 732 4573 dominium
767 4496 1079 4588 transferuntur;
1130 4499 1170 4574 in
1203 4499 1284 4573 iure
1318 4497 1420 4572 enim
1456 4500 1605 4574 certum
1635 4501 1700 4575 est
1816 4533 1817 4580 ÷

353 4661 406 4677 -
436 4619 642 4694 traditione
670 4645 805 4695 rerunt
834 4619 1008 4694 dornr'nr'o
1038 4619 1340 4714 transferuntur
1359 4661 1428 4692 -.
1816 4607 1817 4618 ’
