3636 5232
328 249 388 312 l88
887 265 1052 310 xennnurx
1074 266 1110 310 n.

327 366 377 431 lus
400 367 515 432 Paulus
539 364 691 432 concedit
715 365 844 431 mulieri
871 364 960 430 fideli
986 364 1138 430 manendi
1169 385 1243 432 oum
1271 367 1341 432 viro
1367 366 1490 434 inlideli
1517 369 1669 454 pacificae

324 471 555 538 cohabitationi
577 472 819 556 consentiente,
839 490 878 536 an
894 491 973 537 vero
990 471 1148 537 eiusmodi
1168 472 1380 558 privilegium
1398 473 1558 560 pertineat
1576 475 1670 541 dum·

327 588 413 644 taxat
437 578 475 643 ad
500 577 637 664 primam
662 577 806 642 omnium
831 597 970 642 uxorum
995 597 1069 643 cum
1094 588 1294 644 caeterarum
1320 580 1520 647 exclusione.

417 687 449 748 5.
475 685 637 760 Quatenus
661 682 869 770 impossibilis
892 683 933 748 sit
957 684 1087 769 pacifica
1112 683 1306 750 cohabitatio
1324 705 1397 751 cum
1418 687 1545 772 marito,
1562 687 1595 752 in
1614 707 1669 754 sua

327 791 520 858 infidelitate
537 789 708 872 obstinato,
723 810 762 855 an
783 791 1003 856 missionarius
1020 791 1138 858 debeat
1156 791 1290 878 exigere
1306 794 1556 880 separationem,
1573 795 1670 861 etiam

326 898 354 964 si
378 897 460 962 adsit
484 896 669 982 periculum
693 897 818 981 mortis,
845 909 878 961 et
902 897 1022 962 mulier
1046 898 1193 964 nondum
1218 899 1317 964 luerit
1342 899 1510 985 baptizata.

417 1007 448 1070 6.
474 1004 636 1080 Quatenus
661 1000 872 1088 priuilegium
896 1004 983 1069 Pauli
1011 1005 1158 1090 Apostoli
1191 1006 1228 1070 ad
1261 1006 1399 1092 primam
1433 1026 1570 1072 uxorem
1602 1017 1670 1073 tan·

328 1109 498 1176 tummodo
521 1117 648 1196 spectet
672 1127 747 1174 cum
783 1109 971 1175 exclusione
1006 1110 1219 1196 reliquarum,
1245 1111 1477 1198 posteriorum,
1504 1126 1615 1181 utrum
1646 1115 1672 1180 si

327 1237 389 1303 qua
414 1237 455 1282 ex
480 1217 529 1282 his
553 1215 708 1282 uxoribus
732 1215 968 1301 posterioribus
1000 1218 1110 1303 cupiat
1141 1217 1211 1282 sieri
1237 1219 1419 1302 christiana,
1445 1220 1544 1305 possit
1567 1221 1670 1307 bapti-

331 1325 396 1390 zari
422 1342 590 1390 remanens
615 1321 738 1408 passiva
764 1322 796 1386 in
818 1343 875 1387 sua
894 1323 1005 1388 uxoris
1021 1326 1073 1389 vel
1091 1325 1199 1415 potius
1216 1325 1285 1390 veri
1302 1325 1451 1412 mancipii
1469 1327 1667 1412 conditione,

223 1427 227 1434 ’
328 1447 361 1499 et
384 1432 611 1519 praeseferens
635 1431 885 1518 dispositionem
909 1431 1049 1498 cedendi
1081 1433 1247 1499 dumtaxat
1278 1433 1475 1520 violentiae,
1502 1436 1559 1503 sed
1588 1458 1670 1503 nun-

326 1561 423 1627 quam
448 1538 628 1625 quaerendi
652 1537 800 1605 debitum
826 1539 1016 1624 coniugale3
1043 1558 1081 1604 au
1107 1538 1193 1624 exigi
1220 1540 1351 1606 omnino
1375 1540 1494 1607 debeat
1510 1542 1669 1628 separatio

328 1646 425 1712 etiam
450 1664 525 1710 cum
550 1643 710 1730 probabili
734 1644 847 1709 mortis
871 1645 1029 1731 periculo.

417 1755 453 1816 R.
485 1750 788 1839 Exploratissimum
813 1749 1007 1836 principium
1031 1763 1092 1834 est,
1111 1753 1353 1819 matrimonium
1371 1753 1569 1820 infidelitatis
1589 1769 1669 1820 tem-

329 1877 409 1944 pore
433 1879 450 1921 a
473 1856 542 1921 viro
568 1875 643 1921 cum
668 1856 784 1922 lemina
809 1857 1024 1942 celebratum,
1043 1859 1174 1925 virente
1199 1858 1259 1923 alia
1285 1879 1359 1925 cum
1386 1880 1447 1945 qua
1464 1861 1616 1927 anteriori
1634 1879 1668 1926 se

329 1964 482 2052 coniugio
507 1963 737 2046 obstrinxerat,
764 1965 889 2030 nullum
915 1975 947 2029 et
973 1964 1101 2030 irritum
1126 1985 1196 2030 esse
1222 1977 1290 2032 tum
1313 1966 1387 2050 lege
1405 1967 1511 2032 divina
1528 1978 1597 2032 tum
1614 1987 1668 2032 na·

330 2071 434 2138 turali.
460 2071 539 2138 llinc
564 2069 618 2135 ubi
644 2081 771 2135 constet
795 2069 901 2136 viram
926 2069 1094 2136 infidelem
1119 2069 1261 2137 uoluisse
1285 2090 1401 2137 verum
1427 2071 1670 2137 matrimonium

327 2197 392 2244 non
415 2179 555 2263 simplex
580 2175 832 2242 contubernium
856 2174 938 2244 inire
964 2194 1038 2240 cam
1063 2175 1167 2263 prima
1183 2195 1281 2260 quam
1297 2176 1423 2264 accepit
1439 2176 1592 2260 muliere,
1610 2196 1669 2242 nec

329 2285 433 2351 ullum
459 2284 533 2350 huic
558 2282 763 2348 matrimonio
789 2280 949 2347 obstitisse
975 2280 1052 2346 iuris
1077 2281 1231 2347 naturalis
1257 2281 1540 2370 impedimentum,
1564 2283 1670 2370 prima

334 2391 388 2456 illa
423 2390 541 2455 mulier
578 2389 723 2455 habenda
753 2399 803 2452 est
832 2407 891 2474 pro
924 2389 1003 2453 iusta
1034 2408 1068 2452 ac
1101 2388 1245 2473 legitima
1270 2408 1373 2454 uxore
1386 2411 1396 2473 ;
1424 2408 1535 2454 omnes
1559 2401 1670 2455 autem

327 2497 409 2562 aliae
433 2497 564 2581 quibus,
592 2496 644 2560 illa
669 2515 733 2560 non
758 2495 863 2560 adhuc
891 2508 996 2560 morte
1026 2495 1172 2578 sublata,
1199 2496 1248 2560 vir
1278 2509 1388 2581 postea
1416 2495 1583 2581 nupserit,
1610 2515 1670 2582 pro

328 2602 485 2669 adulteris
509 2614 542 2668 et
566 2602 764 2668 concubinis.
789 2603 892 2669 Debet
917 2602 1015 2688 igitur
1039 2602 1231 2688 polygamus
1255 2621 1393 2667 uxorem
1417 2615 1565 2688 tempore
1582 2602 1669 2688 prio-

237 2707 243 2722 '
330 2728 425 2791 rem,
451 2729 533 2795 quae
557 2710 622 2773 sola
648 2708 728 2773 iusta
753 2727 787 2772 ac
813 2707 957 2794 legitima
982 2727 1066 2772 uxor
1089 2719 1157 2792 est,
1183 2708 1345 2792 retinere,
1373 2720 1564 2794 ceterasque
1589 2719 1670 2773 tam-

327 2835 424 2900 quam
450 2815 610 2882 adulteras
635 2824 666 2878 et
692 2813 885 2880 concubinas
916 2813 1097 2881 dimittere.
1136 2825 1242 2900 Atque
1272 2816 1350 2881 haec
1376 2814 1527 2900 obligatio
1553 2835 1568 2879 a
1595 2815 1670 2900 lege

327 2923 435 2988 divina
461 2933 493 2987 et
517 2921 656 2987 naturali
683 2921 866 3004 dimanans,
893 2920 1015 2986 nedum
1039 2941 1101 3007 per
1126 2923 1289 3006 polygami
1315 2912 1563 2986 conversionem
1586 2922 1671 2986 rela-

332 3040 440 3111 xetur,
466 3029 566 3114 magis
590 3025 786 3092 econtrario
812 3026 978 3111 magisque
1003 3039 1121 3113 urget;
1150 3028 1190 3091 ita
1216 3041 1250 3093 ut
1274 3028 1365 3092 nullo
1386 3025 1481 3091 modo
1501 3025 1599 3091 liceat
1616 3027 1672 3091 ba-

330 3137 452 3224 ptizare
478 3137 699 3222 polygamum,
719 3132 772 3218 qui
790 3132 829 3198 ad
853 3131 1052 3218 praedictam
1070 3132 1300 3220 obligationem
1319 3132 1517 3218 implendam
1535 3131 1671 3196 minime

297 3281 304 3292 ·
328 3253 515 3330 promptum
541 3261 575 3306 ac
599 3251 747 3327 paratum
771 3259 805 3304 se
830 3239 994 3305 exhibeat.
1021 3243 1089 3306 Uno
1115 3251 1239 3306 tantum
1264 3261 1338 3306 casu
1362 3253 1465 3306 cessat
1490 3240 1568 3306 haec
1586 3239 1669 3304 obli-

327 3350 433 3437 gatio,
466 3359 499 3413 et
528 3347 669 3412 liberum
701 3345 737 3412 fit
768 3345 942 3431 polygamo
978 3346 1014 3413 ad
1047 3347 1252 3413 christianam
1283 3347 1477 3433 religionem
1509 3365 1671 3411 converso

329 3455 496 3521 vinculum
522 3451 691 3539 coniugale
716 3452 895 3518 dissolvere
918 3453 1034 3538 prioris
1058 3453 1157 3518 solius
1183 3454 1347 3537 legitimae
1379 3454 1508 3536 uxoris,
1538 3466 1571 3518 et
1595 3455 1671 3520 alias

328 3563 521 3630 contrahere
545 3562 674 3645 nuptias
698 3580 772 3626 cum
796 3560 928 3645 lemine,
954 3580 1049 3645 quam
1082 3561 1150 3647 ipse
1177 3561 1340 3645 maluerit,
1361 3561 1490 3645 quando
1514 3561 1671 3626 nimirum

328 3670 418 3735 locus
443 3687 513 3733 esse
539 3677 647 3752 potest
671 3667 844 3753 privilegio
870 3666 900 3730 in
925 3666 1068 3732 favorem
1093 3666 1168 3732 srdei
1186 3688 1201 3732 a
1218 3667 1346 3734 Glrristo
1363 3669 1498 3734 Domino
1516 3687 1671 3733 concesso

329 3786 362 3841 et
385 3795 401 3838 a
425 3775 520 3839 Paulo
545 3774 700 3859 Apostolo
725 3774 987 3860 promulgato...
1009 3779 1050 3839 Ea
1076 3785 1124 3838 est
1148 3774 1313 3860 privilegii
1330 3773 1452 3841 Paulini
1477 3773 1524 3838 vis
1549 3783 1585 3840 ut
1609 3793 1673 3838 ma-

329 3881 518 3947 trimonium
544 3880 581 3944 ab
606 3879 793 3945 infidelibus
818 3879 849 3944 in
874 3890 959 3944 statu
985 3879 1185 3944 inlidelitatis
1211 3881 1325 3946 initum
1350 3893 1383 3944 et
1408 3890 1670 3946 consummatum

329 3990 473 4055 solvatur
495 4007 583 4070 cum,
601 3987 703 4052 altero
721 3986 897 4071 coniugum
915 3987 952 4050 ad
980 3986 1079 4051 tidem
1104 4005 1273 4070 converso,
1297 3987 1378 4051 alter
1395 4005 1503 4070 neque
1521 3986 1670 4050 converti

329 4095 414 4177 vult,
430 4112 537 4178 neque
554 4095 621 4158 sine
639 4092 833 4158 contumelia
851 4092 1011 4158 creatoris
1029 4091 1212 4158 cohabitare
1230 4093 1401 4158 consentit.
1429 4092 1671 4178 Patetproinde

332 4207 360 4268 l.
388 4201 449 4266 hoc
474 4199 683 4287 privilegium
705 4209 893 4284 competere
918 4199 1085 4264 dumtaxat
1110 4218 1187 4264 vero
1214 4199 1425 4284 legitimoque
1452 4199 1566 4263 marito
1593 4217 1671 4284 erga

329 4325 439 4372 ueram
465 4307 708 4392 legitimamque
733 4325 870 4370 uxorem
889 4316 921 4369 et
938 4305 1125 4384 viceversa3
1144 4317 1233 4392 patet
1251 4311 1281 4372 2.
1301 4325 1365 4370 non
1383 4324 1478 4391 posse
1494 4305 1672 4393 coniugem

328 4432 523 4479 conversum
548 4413 608 4479 hoc
632 4410 819 4497 privilegio,
845 4411 909 4475 lrui
933 4411 992 4476 nisi
1023 4421 1096 4496 post
1126 4424 1315 4497 susceptum
1350 4411 1504 4498 baptisma
1532 4423 1566 4476 et
1597 4424 1673 4500 post

329 4519 628 4606 interpellationem
652 4517 745 4582 alteri
769 4516 899 4602 coniugi
926 4517 987 4582 rite
1013 4517 1126 4583 iactam
1150 4519 1191 4584 de
1216 4519 1402 4605 euangelica
1433 4518 1572 4585 veritate
1603 4540 1672 4588 am-
