<?xml version="1.0" encoding="UTF-8"?>
<!DOCTYPE html PUBLIC "-//W3C//DTD XHTML 1.0 Transitional//EN"
    "http://www.w3.org/TR/xhtml1/DTD/xhtml1-transitional.dtd">
<html xmlns="http://www.w3.org/1999/xhtml" xml:lang="en" lang="en">
 <head>
  <title>
</title>
<meta http-equiv="Content-Type" content="text/html;charset=utf-8" />
  <meta name='ocr-system' content='tesseract 3.04.00' />
  <meta name='ocr-capabilities' content='ocr_page ocr_carea ocr_par ocr_line ocrx_word'/>
</head>
<body>
  <div class='ocr_page' id='page_1' title='image "actasanctaesedi01popegoog_0100.png"; bbox 0 0 3672 5216; ppageno 0'>
   <div class='ocr_carea' id='block_1_1' title="bbox 729 222 1504 320">
    <p class='ocr_par' dir='ltr' id='par_1_1' title="bbox 729 222 1504 320">
     <span class='ocr_line' id='line_1_1' title="bbox 729 222 1504 320; baseline 0.012 -22"><span class='ocrx_word' id='word_1_1' title='bbox 729 253 948 300; x_wconf 76' lang='lat' dir='ltr'>cnsrnumms</span> <span class='ocrx_word' id='word_1_2' title='bbox 1029 267 1031 272; x_wconf 34' lang='lat' dir='ltr'>v</span> <span class='ocrx_word' id='word_1_3' title='bbox 1362 222 1365 228; x_wconf 15' lang='grc' dir='ltr'><strong>Δ</strong></span> <span class='ocrx_word' id='word_1_4' title='bbox 1412 313 1416 320; x_wconf 52' lang='grc'>,</span> <span class='ocrx_word' id='word_1_5' title='bbox 1463 243 1504 308; x_wconf 81' lang='grc'>93</span> 
     </span>
    </p>
   </div>
   <div class='ocr_carea' id='block_1_2' title="bbox 156 355 1580 4685">
    <p class='ocr_par' dir='ltr' id='par_1_2' title="bbox 156 355 1504 795">
     <span class='ocr_line' id='line_1_2' title="bbox 156 355 1504 459; baseline 0.011 -29"><span class='ocrx_word' id='word_1_6' title='bbox 156 355 343 458; x_wconf 71' lang='lat' dir='ltr'>capitibus</span> <span class='ocrx_word' id='word_1_7' title='bbox 373 356 516 457; x_wconf 88' lang='lat' dir='ltr'>patebit</span> <span class='ocrx_word' id='word_1_8' title='bbox 545 356 810 459; x_wconf 86' lang='lat' dir='ltr'>impotentiam</span> <span class='ocrx_word' id='word_1_9' title='bbox 838 358 877 434; x_wconf 89' lang='lat' dir='ltr'>in</span> <span class='ocrx_word' id='word_1_10' title='bbox 908 359 1046 438; x_wconf 90' lang='lat' dir='ltr'>Carolo</span> <span class='ocrx_word' id='word_1_11' title='bbox 1075 362 1205 459; x_wconf 87' lang='lat' dir='ltr'>luisse,</span> <span class='ocrx_word' id='word_1_12' title='bbox 1228 371 1266 442; x_wconf 90' lang='lat' dir='ltr'>et</span> <span class='ocrx_word' id='word_1_13' title='bbox 1294 393 1375 443; x_wconf 87' lang='lat' dir='ltr'>esse</span> <span class='ocrx_word' id='word_1_14' title='bbox 1395 374 1504 444; x_wconf 86' lang='lat' dir='ltr'>ante-</span> 
     </span>
     <span class='ocr_line' id='line_1_3' title="bbox 157 476 1502 588; baseline 0.011 -38"><span class='ocrx_word' id='word_1_15' title='bbox 157 476 370 568; x_wconf 74' lang='lat' dir='ltr'>cedentem,</span> <span class='ocrx_word' id='word_1_16' title='bbox 404 478 635 570; x_wconf 78' lang='lat' dir='ltr'>absolutam,</span> <span class='ocrx_word' id='word_1_17' title='bbox 671 484 1216 580; x_wconf 89' lang='lat' dir='ltr'>perpetuam,matrimonium</span> <span class='ocrx_word' id='word_1_18' title='bbox 1243 511 1387 588; x_wconf 85' lang='lat' dir='ltr'>quoquc</span> <span class='ocrx_word' id='word_1_19' title='bbox 1416 515 1502 565; x_wconf 92' lang='lat' dir='ltr'>cum</span> 
     </span>
     <span class='ocr_line' id='line_1_4' title="bbox 161 589 1503 708; baseline 0.009 -34"><span class='ocrx_word' id='word_1_20' title='bbox 161 589 347 674; x_wconf 85' lang='lat' dir='ltr'>Paulina</span> <span class='ocrx_word' id='word_1_21' title='bbox 369 599 486 676; x_wconf 84' lang='lat' dir='ltr'>tuisse</span> <span class='ocrx_word' id='word_1_22' title='bbox 524 605 563 674; x_wconf 88' lang='lat' dir='ltr'>ct</span> <span class='ocrx_word' id='word_1_23' title='bbox 590 625 672 676; x_wconf 88' lang='lat' dir='ltr'>csse</span> <span class='ocrx_word' id='word_1_24' title='bbox 711 598 882 692; x_wconf 71' lang='lat' dir='ltr'>nollunt,</span> <span class='ocrx_word' id='word_1_25' title='bbox 924 601 1150 704; x_wconf 89' lang='lat' dir='ltr'>irritumque</span> <span class='ocrx_word' id='word_1_26' title='bbox 1186 610 1331 708; x_wconf 88' lang='lat' dir='ltr'>pariter</span> <span class='ocrx_word' id='word_1_27' title='bbox 1367 609 1503 686; x_wconf 86' lang='lat' dir='ltr'>inferri</span> 
     </span>
     <span class='ocr_line' id='line_1_5' title="bbox 161 718 1284 795; baseline 0.004 -2"><span class='ocrx_word' id='word_1_28' title='bbox 161 718 303 795; x_wconf 76' lang='lat' dir='ltr'>licebit.</span> <span class='ocrx_word' id='word_1_29' title='bbox 1282 755 1284 760; x_wconf 87' lang='lat'><em>·</em></span> 
     </span>
    </p>

    <p class='ocr_par' dir='ltr' id='par_1_3' title="bbox 157 839 1559 2994">
     <span class='ocr_line' id='line_1_6' title="bbox 244 839 1502 947; baseline 0.011 -33"><span class='ocrx_word' id='word_1_30' title='bbox 244 839 279 914; x_wconf 93' lang='lat' dir='ltr'>l.</span> <span class='ocrx_word' id='word_1_31' title='bbox 316 841 514 937; x_wconf 77' lang='lat' dir='ltr'>t&#39;onfcsrr&#39;o</span> <span class='ocrx_word' id='word_1_32' title='bbox 543 851 772 942; x_wconf 76' lang='lat' dir='ltr'>com&#39;apma.</span> <span class='ocrx_word' id='word_1_33' title='bbox 796 885 848 900; x_wconf 90' lang='lat'>--</span> <span class='ocrx_word' id='word_1_34' title='bbox 868 843 1048 938; x_wconf 87' lang='lat' dir='ltr'>Paulina,</span> <span class='ocrx_word' id='word_1_35' title='bbox 1080 871 1173 947; x_wconf 87' lang='lat' dir='ltr'>quae</span> <span class='ocrx_word' id='word_1_36' title='bbox 1202 851 1327 926; x_wconf 79' lang='lat' dir='ltr'>actrix</span> <span class='ocrx_word' id='word_1_37' title='bbox 1355 859 1428 944; x_wconf 91' lang='lat' dir='ltr'>est,</span> <span class='ocrx_word' id='word_1_38' title='bbox 1456 853 1502 928; x_wconf 89' lang='lat' dir='ltr'>ad</span> 
     </span>
     <span class='ocr_line' id='line_1_7' title="bbox 158 960 1501 1072; baseline 0.012 -38"><span class='ocrx_word' id='word_1_39' title='bbox 158 983 322 1037; x_wconf 82' lang='lat' dir='ltr'>examen</span> <span class='ocrx_word' id='word_1_40' title='bbox 353 989 375 1038; x_wconf 86' lang='lat' dir='ltr'>a</span> <span class='ocrx_word' id='word_1_41' title='bbox 404 962 530 1038; x_wconf 90' lang='lat' dir='ltr'>Iudice</span> <span class='ocrx_word' id='word_1_42' title='bbox 558 963 678 1040; x_wconf 89' lang='lat' dir='ltr'>citata</span> <span class='ocrx_word' id='word_1_43' title='bbox 698 961 739 1038; x_wconf 93' lang='lat' dir='ltr'>in</span> <span class='ocrx_word' id='word_1_44' title='bbox 760 960 877 1038; x_wconf 83' lang='lat' dir='ltr'>Curia</span> <span class='ocrx_word' id='word_1_45' title='bbox 906 963 1079 1040; x_wconf 87' lang='lat' dir='ltr'>Baricnsi</span> <span class='ocrx_word' id='word_1_46' title='bbox 1109 975 1258 1069; x_wconf 88' lang='lat' dir='ltr'>praeter</span> <span class='ocrx_word' id='word_1_47' title='bbox 1285 997 1441 1072; x_wconf 90' lang='lat' dir='ltr'>eaquae</span> <span class='ocrx_word' id='word_1_48' title='bbox 1462 975 1501 1050; x_wconf 92' lang='lat' dir='ltr'>in</span> 
     </span>
     <span class='ocr_line' id='line_1_8' title="bbox 159 1079 1502 1193; baseline 0.011 -39"><span class='ocrx_word' id='word_1_49' title='bbox 159 1079 286 1158; x_wconf 93' lang='lat' dir='ltr'>libello</span> <span class='ocrx_word' id='word_1_50' title='bbox 313 1081 475 1186; x_wconf 89' lang='lat' dir='ltr'>supplici</span> <span class='ocrx_word' id='word_1_51' title='bbox 505 1087 749 1185; x_wconf 75' lang='lat' dir='ltr'>exposuerat,</span> <span class='ocrx_word' id='word_1_52' title='bbox 771 1083 956 1184; x_wconf 86' lang='lat' dir='ltr'>praestito</span> <span class='ocrx_word' id='word_1_53' title='bbox 980 1084 1209 1181; x_wconf 69' lang='lat' dir='ltr'>iuramenta</span> <span class='ocrx_word' id='word_1_54' title='bbox 1232 1091 1439 1193; x_wconf 87' lang='lat' dir='ltr'>perspicue,</span> <span class='ocrx_word' id='word_1_55' title='bbox 1463 1099 1502 1169; x_wconf 86' lang='lat' dir='ltr'>et</span> 
     </span>
     <span class='ocr_line' id='line_1_9' title="bbox 159 1201 1504 1305; baseline 0.013 -33"><span class='ocrx_word' id='word_1_56' title='bbox 159 1201 241 1276; x_wconf 76' lang='lat' dir='ltr'>sino</span> <span class='ocrx_word' id='word_1_57' title='bbox 270 1201 489 1304; x_wconf 89' lang='lat' dir='ltr'>ambagibus</span> <span class='ocrx_word' id='word_1_58' title='bbox 519 1203 712 1305; x_wconf 90' lang='lat' dir='ltr'>respondit</span> <span class='ocrx_word' id='word_1_59' title='bbox 732 1203 778 1278; x_wconf 90' lang='lat' dir='ltr'>ad</span> <span class='ocrx_word' id='word_1_60' title='bbox 807 1203 1127 1305; x_wconf 75' lang='lat' dir='ltr'>interrogationes</span> <span class='ocrx_word' id='word_1_61' title='bbox 1147 1233 1170 1282; x_wconf 89' lang='lat' dir='ltr'>a</span> <span class='ocrx_word' id='word_1_62' title='bbox 1190 1209 1335 1286; x_wconf 87' lang='lat' dir='ltr'>vinculi</span> <span class='ocrx_word' id='word_1_63' title='bbox 1364 1211 1504 1288; x_wconf 87' lang='lat' dir='ltr'>Defen&#39;·</span> 
     </span>
     <span class='ocr_line' id='line_1_10' title="bbox 158 1311 1505 1434; baseline 0.01 -38"><span class='ocrx_word' id='word_1_64' title='bbox 158 1346 241 1398; x_wconf 89' lang='lat' dir='ltr'>sore</span> <span class='ocrx_word' id='word_1_65' title='bbox 270 1325 496 1426; x_wconf 77' lang='lat' dir='ltr'>propositae,</span> <span class='ocrx_word' id='word_1_66' title='bbox 528 1325 717 1428; x_wconf 89' lang='lat' dir='ltr'>deponens</span> <span class='ocrx_word' id='word_1_67' title='bbox 738 1325 819 1400; x_wconf 87' lang='lat' dir='ltr'>sine</span> <span class='ocrx_word' id='word_1_68' title='bbox 848 1325 928 1401; x_wconf 90' lang='lat' dir='ltr'>ulla</span> <span class='ocrx_word' id='word_1_69' title='bbox 947 1327 1246 1404; x_wconf 81' lang='lat' dir='ltr'>contradictione</span> <span class='ocrx_word' id='word_1_70' title='bbox 1266 1356 1305 1405; x_wconf 91' lang='lat' dir='ltr'>se</span> <span class='ocrx_word' id='word_1_71' title='bbox 1324 1311 1409 1434; x_wconf 89' lang='lat' dir='ltr'>post</span> <span class='ocrx_word' id='word_1_72' title='bbox 1429 1333 1505 1410; x_wconf 91' lang='lat' dir='ltr'>ini·</span> 
     </span>
     <span class='ocr_line' id='line_1_11' title="bbox 158 1444 1501 1554; baseline 0.01 -37"><span class='ocrx_word' id='word_1_73' title='bbox 158 1451 241 1518; x_wconf 89' lang='lat' dir='ltr'>tum</span> <span class='ocrx_word' id='word_1_74' title='bbox 280 1469 366 1520; x_wconf 91' lang='lat' dir='ltr'>cum</span> <span class='ocrx_word' id='word_1_75' title='bbox 410 1444 548 1522; x_wconf 84' lang='lat' dir='ltr'>Carolo</span> <span class='ocrx_word' id='word_1_76' title='bbox 589 1446 877 1522; x_wconf 88' lang='lat' dir='ltr'>matrimonium</span> <span class='ocrx_word' id='word_1_77' title='bbox 916 1446 1059 1548; x_wconf 86' lang='lat' dir='ltr'>pluries</span> <span class='ocrx_word' id='word_1_78' title='bbox 1096 1450 1286 1526; x_wconf 87' lang='lat' dir='ltr'>carnalem</span> <span class='ocrx_word' id='word_1_79' title='bbox 1328 1454 1501 1554; x_wconf 91' lang='lat' dir='ltr'>copulam</span> 
     </span>
     <span class='ocr_line' id='line_1_12' title="bbox 158 1565 1501 1708; baseline 0.008 -69"><span class='ocrx_word' id='word_1_80' title='bbox 158 1565 278 1642; x_wconf 83' lang='lat' dir='ltr'>fuisse</span> <span class='ocrx_word' id='word_1_81' title='bbox 305 1572 518 1669; x_wconf 86' lang='lat' dir='ltr'>expertam,</span> <span class='ocrx_word' id='word_1_82' title='bbox 551 1569 614 1644; x_wconf 82' lang='lat' dir='ltr'>sed</span> <span class='ocrx_word' id='word_1_83' title='bbox 636 1567 794 1660; x_wconf 88' lang='lat' dir='ltr'>frustra,</span> <span class='ocrx_word' id='word_1_84' title='bbox 817 1572 855 1642; x_wconf 90' lang='lat' dir='ltr'>et</span> <span class='ocrx_word' id='word_1_85' title='bbox 876 1567 1062 1659; x_wconf 80' lang='lat' dir='ltr'>inaniter3</span> <span class='ocrx_word' id='word_1_86' title='bbox 1079 1569 1276 1668; x_wconf 87' lang='lat' dir='ltr'>siquidem</span> <span class='ocrx_word' id='word_1_87' title='bbox 1297 1596 1345 1646; x_wconf 90' lang='lat' dir='ltr'>ex</span> <span class='ocrx_word' id='word_1_88' title='bbox 1366 1573 1501 1708; x_wconf 83' lang='lat' dir='ltr'>Sponsi</span> 
     </span>
     <span class='ocr_line' id='line_1_13' title="bbox 158 1685 1505 1790; baseline 0.007 -30"><span class='ocrx_word' id='word_1_89' title='bbox 158 1685 404 1790; x_wconf 88' lang='lat' dir='ltr'>insuperabili</span> <span class='ocrx_word' id='word_1_90' title='bbox 436 1686 729 1788; x_wconf 84' lang='lat' dir='ltr'>frigiditat&#39;te</span> <span class='ocrx_word' id='word_1_91' title='bbox 678 1691 750 1763; x_wconf 85' lang='lat' dir='ltr'>rste</span> <span class='ocrx_word' id='word_1_92' title='bbox 789 1689 996 1764; x_wconf 90' lang='lat' dir='ltr'>membrum</span> <span class='ocrx_word' id='word_1_93' title='bbox 1034 1689 1146 1765; x_wconf 90' lang='lat' dir='ltr'>virile</span> <span class='ocrx_word' id='word_1_94' title='bbox 1178 1690 1305 1766; x_wconf 88' lang='lat' dir='ltr'>nullat</span> <span class='ocrx_word' id='word_1_95' title='bbox 1288 1696 1401 1768; x_wconf 90' lang='lat' dir='ltr'>tenus</span> <span class='ocrx_word' id='word_1_96' title='bbox 1429 1695 1505 1770; x_wconf 87' lang='lat' dir='ltr'>eri-</span> 
     </span>
     <span class='ocr_line' id='line_1_14' title="bbox 159 1808 1529 1910; baseline 0.007 -30.007"><span class='ocrx_word' id='word_1_97' title='bbox 159 1831 247 1906; x_wconf 87' lang='lat' dir='ltr'>gere</span> <span class='ocrx_word' id='word_1_98' title='bbox 277 1813 340 1908; x_wconf 91' lang='lat' dir='ltr'>pot</span> <span class='ocrx_word' id='word_1_99' title='bbox 344 1813 427 1882; x_wconf 89' lang='lat' dir='ltr'>erat</span> <span class='ocrx_word' id='word_1_100' title='bbox 433 1808 571 1909; x_wconf 91' lang='lat' dir='ltr'>q,uod</span> <span class='ocrx_word' id='word_1_101' title='bbox 592 1833 740 1910; x_wconf 89' lang='lat' dir='ltr'>semper</span> <span class='ocrx_word' id='word_1_102' title='bbox 766 1809 1034 1910; x_wconf 88' lang='lat' dir='ltr'>torpidum,et</span> <span class='ocrx_word' id='word_1_103' title='bbox 1032 1810 1162 1886; x_wconf 85' lang='lat' dir='ltr'>iners</span> <span class='ocrx_word' id='word_1_104' title='bbox 1191 1813 1364 1888; x_wconf 86' lang='lat' dir='ltr'>manebat</span> <span class='ocrx_word' id='word_1_105' title='bbox 1349 1815 1529 1906; x_wconf 71' lang='lat' dir='ltr'>tunde-</span> 
     </span>
     <span class='ocr_line' id='line_1_15' title="bbox 159 1867 1505 2030; baseline 0.007 -29"><span class='ocrx_word' id='word_1_106' title='bbox 159 1951 288 2004; x_wconf 87' lang='lat' dir='ltr'>semen</span> <span class='ocrx_word' id='word_1_107' title='bbox 319 1867 530 2030; x_wconf 87' lang='lat' dir='ltr'>prolilioum</span> <span class='ocrx_word' id='word_1_108' title='bbox 560 1954 628 2005; x_wconf 88' lang='lat' dir='ltr'>nec</span> <span class='ocrx_word' id='word_1_109' title='bbox 657 1929 752 2004; x_wconf 91' lang='lat' dir='ltr'>levit</span> <span class='ocrx_word' id='word_1_110' title='bbox 736 1932 795 2004; x_wconf 89' lang='lat' dir='ltr'>etr</span> <span class='ocrx_word' id='word_1_111' title='bbox 823 1927 1043 2006; x_wconf 88' lang='lat' dir='ltr'>effudisset</span> <span class='ocrx_word' id='word_1_112' title='bbox 1029 1935 1129 2006; x_wconf 88' lang='lat' dir='ltr'>ttaes</span> <span class='ocrx_word' id='word_1_113' title='bbox 1132 1934 1272 2006; x_wconf 88' lang='lat' dir='ltr'>taest.</span> <span class='ocrx_word' id='word_1_114' title='bbox 1241 1872 1413 2010; x_wconf 80' lang='lat' dir='ltr'>tHairc</span> <span class='ocrx_word' id='word_1_115' title='bbox 1441 1958 1505 2010; x_wconf 92' lang='lat' dir='ltr'>co-</span> 
     </span>
     <span class='ocr_line' id='line_1_16' title="bbox 158 2047 1505 2155; baseline 0.004 -31"><span class='ocrx_word' id='word_1_116' title='bbox 158 2049 271 2150; x_wconf 89' lang='lat' dir='ltr'>pulae</span> <span class='ocrx_word' id='word_1_117' title='bbox 298 2051 530 2126; x_wconf 87' lang='lat' dir='ltr'>inanitatem</span> <span class='ocrx_word' id='word_1_118' title='bbox 557 2049 753 2152; x_wconf 89' lang='lat' dir='ltr'>compulsa</span> <span class='ocrx_word' id='word_1_119' title='bbox 780 2047 983 2126; x_wconf 82' lang='lat' dir='ltr'>identidem</span> <span class='ocrx_word' id='word_1_120' title='bbox 1013 2049 1167 2152; x_wconf 84' lang='lat' dir='ltr'>repetit,</span> <span class='ocrx_word' id='word_1_121' title='bbox 1197 2055 1237 2126; x_wconf 86' lang='lat' dir='ltr'>et</span> <span class='ocrx_word' id='word_1_122' title='bbox 1265 2052 1420 2155; x_wconf 87' lang='lat' dir='ltr'>insuper</span> <span class='ocrx_word' id='word_1_123' title='bbox 1442 2056 1505 2132; x_wconf 88' lang='lat' dir='ltr'>ad-</span> 
     </span>
     <span class='ocr_line' id='line_1_17' title="bbox 158 2168 1498 2271; baseline 0.006 -28"><span class='ocrx_word' id='word_1_124' title='bbox 158 2168 215 2244; x_wconf 91' lang='lat' dir='ltr'>dit</span> <span class='ocrx_word' id='word_1_125' title='bbox 245 2195 285 2244; x_wconf 94' lang='lat' dir='ltr'>se</span> <span class='ocrx_word' id='word_1_126' title='bbox 314 2170 409 2246; x_wconf 85' lang='lat' dir='ltr'>scire</span> <span class='ocrx_word' id='word_1_127' title='bbox 439 2169 617 2246; x_wconf 85' lang='lat' dir='ltr'>Carolum</span> <span class='ocrx_word' id='word_1_128' title='bbox 649 2169 853 2271; x_wconf 87' lang='lat' dir='ltr'>pharmaca</span> <span class='ocrx_word' id='word_1_129' title='bbox 872 2173 917 2244; x_wconf 87' lang='lat' dir='ltr'>ad</span> <span class='ocrx_word' id='word_1_130' title='bbox 946 2195 985 2244; x_wconf 87' lang='lat' dir='ltr'>sc</span> <span class='ocrx_word' id='word_1_131' title='bbox 1004 2169 1249 2245; x_wconf 88' lang='lat' dir='ltr'>excitandum</span> <span class='ocrx_word' id='word_1_132' title='bbox 1268 2170 1498 2268; x_wconf 88' lang='lat' dir='ltr'>adhibuisse,</span> 
     </span>
     <span class='ocr_line' id='line_1_18' title="bbox 157 2289 1505 2391; baseline 0.007 -28"><span class='ocrx_word' id='word_1_133' title='bbox 157 2289 221 2365; x_wconf 86' lang='lat' dir='ltr'>sed</span> <span class='ocrx_word' id='word_1_134' title='bbox 252 2289 412 2382; x_wconf 86' lang='lat' dir='ltr'>frustra,</span> <span class='ocrx_word' id='word_1_135' title='bbox 443 2294 482 2365; x_wconf 88' lang='lat' dir='ltr'>et</span> <span class='ocrx_word' id='word_1_136' title='bbox 511 2289 717 2366; x_wconf 90' lang='lat' dir='ltr'>inutiliter.</span> <span class='ocrx_word' id='word_1_137' title='bbox 751 2289 847 2366; x_wconf 83' lang='lat' dir='ltr'>Cum</span> <span class='ocrx_word' id='word_1_138' title='bbox 868 2290 989 2391; x_wconf 89' lang='lat' dir='ltr'>igitur</span> <span class='ocrx_word' id='word_1_139' title='bbox 1017 2293 1293 2368; x_wconf 81' lang='lat' dir='ltr'>consummatio</span> <span class='ocrx_word' id='word_1_140' title='bbox 1320 2302 1419 2369; x_wconf 90' lang='lat' dir='ltr'>esset</span> <span class='ocrx_word' id='word_1_141' title='bbox 1440 2297 1505 2372; x_wconf 84' lang='lat' dir='ltr'>ab·</span> 
     </span>
     <span class='ocr_line' id='line_1_19' title="bbox 159 2409 1501 2516; baseline 0.003 -30"><span class='ocrx_word' id='word_1_142' title='bbox 159 2410 285 2486; x_wconf 89' lang='lat' dir='ltr'>solute</span> <span class='ocrx_word' id='word_1_143' title='bbox 304 2409 564 2512; x_wconf 88' lang='lat' dir='ltr'>impossibilis,</span> <span class='ocrx_word' id='word_1_144' title='bbox 588 2411 825 2512; x_wconf 87' lang='lat' dir='ltr'>separatione</span> <span class='ocrx_word' id='word_1_145' title='bbox 846 2411 948 2487; x_wconf 89' lang='lat' dir='ltr'>facta</span> <span class='ocrx_word' id='word_1_146' title='bbox 975 2412 1094 2512; x_wconf 89' lang='lat' dir='ltr'>quoad</span> <span class='ocrx_word' id='word_1_147' title='bbox 1115 2411 1284 2506; x_wconf 86' lang='lat' dir='ltr'>tliorum,</span> <span class='ocrx_word' id='word_1_148' title='bbox 1308 2437 1501 2516; x_wconf 89' lang='lat' dir='ltr'>nunquam</span> 
     </span>
     <span class='ocr_line' id='line_1_20' title="bbox 159 2527 1503 2668; baseline 0.004 -62"><span class='ocrx_word' id='word_1_149' title='bbox 159 2531 197 2606; x_wconf 91' lang='lat' dir='ltr'>in</span> <span class='ocrx_word' id='word_1_150' title='bbox 230 2535 423 2633; x_wconf 88' lang='lat' dir='ltr'>posterum</span> <span class='ocrx_word' id='word_1_151' title='bbox 456 2533 591 2634; x_wconf 90' lang='lat' dir='ltr'>copula</span> <span class='ocrx_word' id='word_1_152' title='bbox 626 2532 729 2607; x_wconf 88' lang='lat' dir='ltr'>inter</span> <span class='ocrx_word' id='word_1_153' title='bbox 761 2556 822 2606; x_wconf 86' lang='lat' dir='ltr'>eos</span> <span class='ocrx_word' id='word_1_154' title='bbox 851 2536 1003 2608; x_wconf 86' lang='lat' dir='ltr'>tentata</span> <span class='ocrx_word' id='word_1_155' title='bbox 1037 2538 1111 2608; x_wconf 83' lang='lat' dir='ltr'>est.</span> <span class='ocrx_word' id='word_1_156' title='bbox 1153 2527 1216 2608; x_wconf 80' lang='lat' dir='ltr'>Ex</span> <span class='ocrx_word' id='word_1_157' title='bbox 1243 2533 1503 2668; x_wconf 84' lang='lat' dir='ltr'>imprudentia</span> 
     </span>
     <span class='ocr_line' id='line_1_21' title="bbox 160 2653 1559 2757; baseline 0.003 -31"><span class='ocrx_word' id='word_1_158' title='bbox 160 2678 251 2729; x_wconf 89' lang='lat' dir='ltr'>vero</span> <span class='ocrx_word' id='word_1_159' title='bbox 282 2655 490 2729; x_wconf 83' lang='lat' dir='ltr'>Parentum</span> <span class='ocrx_word' id='word_1_160' title='bbox 520 2654 707 2747; x_wconf 80' lang='lat' dir='ltr'>Caroli,</span> <span class='ocrx_word' id='word_1_161' title='bbox 698 2680 730 2727; x_wconf 81' lang='lat' dir='ltr'>rs</span> <span class='ocrx_word' id='word_1_162' title='bbox 733 2653 810 2728; x_wconf 88' lang='lat' dir='ltr'>tius</span> <span class='ocrx_word' id='word_1_163' title='bbox 847 2653 1072 2755; x_wconf 83' lang='lat' dir='ltr'>impotentia</span> <span class='ocrx_word' id='word_1_164' title='bbox 1102 2655 1140 2728; x_wconf 92' lang='lat' dir='ltr'>in</span> <span class='ocrx_word' id='word_1_165' title='bbox 1169 2655 1338 2730; x_wconf 91' lang='lat' dir='ltr'>omnium</span> <span class='ocrx_word' id='word_1_166' title='bbox 1372 2656 1505 2757; x_wconf 86' lang='lat' dir='ltr'>cogni·</span> <span class='ocrx_word' id='word_1_167' title='bbox 1556 2679 1559 2685; x_wconf 86' lang='lat'>·</span> 
     </span>
     <span class='ocr_line' id='line_1_22' title="bbox 159 2771 1505 2886; baseline 0.002 -39"><span class='ocrx_word' id='word_1_168' title='bbox 159 2772 302 2848; x_wconf 86' lang='lat' dir='ltr'>tionem</span> <span class='ocrx_word' id='word_1_169' title='bbox 345 2774 537 2880; x_wconf 88' lang='lat' dir='ltr'>pervenit.</span> <span class='ocrx_word' id='word_1_170' title='bbox 505 2774 641 2849; x_wconf 88' lang='lat' dir='ltr'>ttal</span> <span class='ocrx_word' id='word_1_171' title='bbox 684 2773 849 2850; x_wconf 89' lang='lat' dir='ltr'>Paulina</span> <span class='ocrx_word' id='word_1_172' title='bbox 887 2771 1196 2850; x_wconf 85' lang='lat' dir='ltr'>Gambardella</span> <span class='ocrx_word' id='word_1_173' title='bbox 1188 2799 1227 2849; x_wconf 90' lang='lat' dir='ltr'>m</span> <span class='ocrx_word' id='word_1_174' title='bbox 1267 2773 1405 2886; x_wconf 86' lang='lat' dir='ltr'>iudicio</span> <span class='ocrx_word' id='word_1_175' title='bbox 1439 2775 1505 2850; x_wconf 90' lang='lat' dir='ltr'>de-</span> 
     </span>
     <span class='ocr_line' id='line_1_23' title="bbox 160 2893 303 2994; baseline 0.019 -28"><span class='ocrx_word' id='word_1_176' title='bbox 160 2893 303 2994; x_wconf 90' lang='lat' dir='ltr'>posuit.</span> 
     </span>
    </p>

    <p class='ocr_par' dir='ltr' id='par_1_4' title="bbox 157 3013 1580 4685">
     <span class='ocr_line' id='line_1_24' title="bbox 239 3013 1500 3118; baseline 0 -28"><span class='ocrx_word' id='word_1_177' title='bbox 239 3014 310 3090; x_wconf 79' lang='lat' dir='ltr'>Sal</span> <span class='ocrx_word' id='word_1_178' title='bbox 324 3015 537 3118; x_wconf 88' lang='lat' dir='ltr'>audiendus</span> <span class='ocrx_word' id='word_1_179' title='bbox 557 3015 656 3092; x_wconf 90' lang='lat' dir='ltr'>alter</span> <span class='ocrx_word' id='word_1_180' title='bbox 674 3013 828 3106; x_wconf 81' lang='lat' dir='ltr'>coniux,</span> <span class='ocrx_word' id='word_1_181' title='bbox 847 3039 934 3117; x_wconf 88' lang='lat' dir='ltr'>pars</span> <span class='ocrx_word' id='word_1_182' title='bbox 954 3013 1190 3116; x_wconf 91' lang='lat' dir='ltr'>principalis,</span> <span class='ocrx_word' id='word_1_183' title='bbox 1214 3013 1374 3092; x_wconf 86' lang='lat' dir='ltr'>Carolus</span> <span class='ocrx_word' id='word_1_184' title='bbox 1395 3015 1500 3091; x_wconf 84' lang='lat' dir='ltr'>Cler.</span> 
     </span>
     <span class='ocr_line' id='line_1_25' title="bbox 159 3135 1508 3237; baseline -0.001 -24"><span class='ocrx_word' id='word_1_185' title='bbox 159 3135 194 3214; x_wconf 87' lang='lat' dir='ltr'>ls</span> <span class='ocrx_word' id='word_1_186' title='bbox 226 3135 405 3237; x_wconf 81' lang='lat' dir='ltr'>legaliter</span> <span class='ocrx_word' id='word_1_187' title='bbox 422 3136 564 3212; x_wconf 87' lang='lat' dir='ltr'>citatus</span> <span class='ocrx_word' id='word_1_188' title='bbox 584 3136 623 3212; x_wconf 91' lang='lat' dir='ltr'>in</span> <span class='ocrx_word' id='word_1_189' title='bbox 645 3136 763 3212; x_wconf 76' lang='lat' dir='ltr'>Curia</span> <span class='ocrx_word' id='word_1_190' title='bbox 793 3135 1060 3237; x_wconf 87' lang='lat' dir='ltr'>Neapolitana,</span> <span class='ocrx_word' id='word_1_191' title='bbox 1082 3135 1268 3236; x_wconf 89' lang='lat' dir='ltr'>praestito</span> <span class='ocrx_word' id='word_1_192' title='bbox 1286 3135 1508 3234; x_wconf 82' lang='lat' dir='ltr'>iuramento¹</span> 
     </span>
     <span class='ocr_line' id='line_1_26' title="bbox 158 3256 1499 3453; baseline -0.001 -121"><span class='ocrx_word' id='word_1_193' title='bbox 158 3256 274 3332; x_wconf 85' lang='lat' dir='ltr'>tactis</span> <span class='ocrx_word' id='word_1_194' title='bbox 302 3256 371 3335; x_wconf 84' lang='lat' dir='ltr'>SS.</span> <span class='ocrx_word' id='word_1_195' title='bbox 404 3256 643 3453; x_wconf 71' lang='lat' dir='ltr'>Evangeliis,</span> <span class='ocrx_word' id='word_1_196' title='bbox 662 3257 702 3333; x_wconf 89' lang='lat' dir='ltr'>in</span> <span class='ocrx_word' id='word_1_197' title='bbox 730 3257 905 3334; x_wconf 87' lang='lat' dir='ltr'>examine</span> <span class='ocrx_word' id='word_1_198' title='bbox 934 3259 1234 3358; x_wconf 88' lang='lat' dir='ltr'>interrogatusa</span> <span class='ocrx_word' id='word_1_199' title='bbox 1262 3256 1408 3332; x_wconf 80' lang='lat' dir='ltr'>vinculi</span> <span class='ocrx_word' id='word_1_200' title='bbox 1428 3257 1499 3332; x_wconf 88' lang='lat' dir='ltr'>De·</span> 
     </span>
     <span class='ocr_line' id='line_1_27' title="bbox 159 3373 1501 3480; baseline 0.001 -31"><span class='ocrx_word' id='word_1_201' title='bbox 159 3373 308 3451; x_wconf 85' lang='lat' dir='ltr'>sensore</span> <span class='ocrx_word' id='word_1_202' title='bbox 337 3376 450 3479; x_wconf 88' lang='lat' dir='ltr'>plane</span> <span class='ocrx_word' id='word_1_203' title='bbox 488 3380 528 3453; x_wconf 86' lang='lat' dir='ltr'>et</span> <span class='ocrx_word' id='word_1_204' title='bbox 565 3378 646 3453; x_wconf 85' lang='lat' dir='ltr'>sine</span> <span class='ocrx_word' id='word_1_205' title='bbox 688 3381 778 3453; x_wconf 84' lang='lat' dir='ltr'>‹ont</span> <span class='ocrx_word' id='word_1_206' title='bbox 761 3377 912 3453; x_wconf 83' lang='lat' dir='ltr'>tradict&#39;</span> <span class='ocrx_word' id='word_1_207' title='bbox 886 3392 988 3453; x_wconf 80' lang='lat' dir='ltr'>none</span> <span class='ocrx_word' id='word_1_208' title='bbox 1027 3377 1211 3452; x_wconf 87' lang='lat' dir='ltr'>Paulinae</span> <span class='ocrx_word' id='word_1_209' title='bbox 1248 3376 1394 3480; x_wconf 85' lang='lat' dir='ltr'>deposit</span> <span class='ocrx_word' id='word_1_210' title='bbox 1380 3373 1501 3452; x_wconf 88' lang='lat' dir='ltr'>tiones</span> 
     </span>
     <span class='ocr_line' id='line_1_28' title="bbox 159 3499 1502 3632; baseline 0.002 -59"><span class='ocrx_word' id='word_1_211' title='bbox 159 3499 422 3576; x_wconf 85' lang='lat' dir='ltr'>confirmavit:</span> <span class='ocrx_word' id='word_1_212' title='bbox 387 3505 588 3632; x_wconf 86' lang='lat' dir='ltr'>tnernpe</span> <span class='ocrx_word' id='word_1_213' title='bbox 608 3527 647 3575; x_wconf 92' lang='lat' dir='ltr'>se</span> <span class='ocrx_word' id='word_1_214' title='bbox 668 3502 954 3578; x_wconf 86' lang='lat' dir='ltr'>matrimonium</span> <span class='ocrx_word' id='word_1_215' title='bbox 986 3526 1059 3577; x_wconf 91' lang='lat' dir='ltr'>non</span> <span class='ocrx_word' id='word_1_216' title='bbox 1089 3502 1255 3604; x_wconf 90' lang='lat' dir='ltr'>propria,</span> <span class='ocrx_word' id='word_1_217' title='bbox 1287 3502 1350 3578; x_wconf 89' lang='lat' dir='ltr'>sed</span> <span class='ocrx_word' id='word_1_218' title='bbox 1371 3501 1476 3577; x_wconf 88' lang='lat' dir='ltr'>Pat</span> <span class='ocrx_word' id='word_1_219' title='bbox 1429 3506 1502 3576; x_wconf 80' lang='lat' dir='ltr'>tris</span> 
     </span>
     <span class='ocr_line' id='line_1_29' title="bbox 161 3597 1502 3723; baseline 0.003 -30"><span class='ocrx_word' id='word_1_220' title='bbox 161 3619 340 3695; x_wconf 89' lang='lat' dir='ltr'>vtatolun</span> <span class='ocrx_word' id='word_1_221' title='bbox 280 3620 549 3714; x_wconf 90' lang='lat' dir='ltr'>tateiniisse,</span> <span class='ocrx_word' id='word_1_222' title='bbox 581 3626 620 3695; x_wconf 89' lang='lat' dir='ltr'>et</span> <span class='ocrx_word' id='word_1_223' title='bbox 653 3623 710 3697; x_wconf 88' lang='lat' dir='ltr'>uti</span> <span class='ocrx_word' id='word_1_224' title='bbox 699 3623 921 3712; x_wconf 80' lang='lat' dir='ltr'>rvid,etur</span> <span class='ocrx_word' id='word_1_225' title='bbox 963 3621 1044 3696; x_wconf 88' lang='lat' dir='ltr'>eius</span> <span class='ocrx_word' id='word_1_226' title='bbox 1085 3621 1208 3696; x_wconf 89' lang='lat' dir='ltr'>officia</span> <span class='ocrx_word' id='word_1_227' title='bbox 1240 3623 1303 3697; x_wconf 86' lang='lat' dir='ltr'>vir</span> <span class='ocrx_word' id='word_1_228' title='bbox 1339 3597 1502 3723; x_wconf 87' lang='lat' dir='ltr'>siniplex</span> 
     </span>
     <span class='ocr_line' id='line_1_30' title="bbox 159 3697 1503 3844; baseline 0.001 -29"><span class='ocrx_word' id='word_1_229' title='bbox 159 3739 370 3842; x_wconf 83' lang='lat' dir='ltr'>ignorasse.</span> <span class='ocrx_word' id='word_1_230' title='bbox 403 3697 600 3818; x_wconf 77' lang='lat' dir='ltr'>Undeet&#39;</span> <span class='ocrx_word' id='word_1_231' title='bbox 557 3747 672 3843; x_wconf 82' lang='lat' dir='ltr'>trpse</span> <span class='ocrx_word' id='word_1_232' title='bbox 700 3767 777 3818; x_wconf 90' lang='lat' dir='ltr'>una</span> <span class='ocrx_word' id='word_1_233' title='bbox 805 3769 889 3818; x_wconf 90' lang='lat' dir='ltr'>cum</span> <span class='ocrx_word' id='word_1_234' title='bbox 919 3743 1064 3843; x_wconf 86' lang='lat' dir='ltr'>Sponsa</span> <span class='ocrx_word' id='word_1_235' title='bbox 1091 3741 1328 3844; x_wconf 67' lang='lat' dir='ltr'>deponitet</span> <span class='ocrx_word' id='word_1_236' title='bbox 1289 3741 1503 3818; x_wconf 48' lang='lat' dir='ltr'>&amp;candide</span> 
     </span>
     <span class='ocr_line' id='line_1_31' title="bbox 160 3861 1503 3964; baseline 0.001 -28"><span class='ocrx_word' id='word_1_237' title='bbox 160 3861 365 3937; x_wconf 83' lang='lat' dir='ltr'>confitetur</span> <span class='ocrx_word' id='word_1_238' title='bbox 392 3861 567 3964; x_wconf 89' lang='lat' dir='ltr'>copulam</span> <span class='ocrx_word' id='word_1_239' title='bbox 595 3887 680 3938; x_wconf 91' lang='lat' dir='ltr'>cum</span> <span class='ocrx_word' id='word_1_240' title='bbox 709 3887 753 3938; x_wconf 88' lang='lat' dir='ltr'>ea</span> <span class='ocrx_word' id='word_1_241' title='bbox 781 3863 922 3964; x_wconf 87' lang='lat' dir='ltr'>pluries</span> <span class='ocrx_word' id='word_1_242' title='bbox 951 3865 1136 3955; x_wconf 87' lang='lat' dir='ltr'>tentasse,</span> <span class='ocrx_word' id='word_1_243' title='bbox 1168 3863 1231 3938; x_wconf 91' lang='lat' dir='ltr'>sed</span> <span class='ocrx_word' id='word_1_244' title='bbox 1261 3862 1419 3956; x_wconf 88' lang='lat' dir='ltr'>frustra,</span> <span class='ocrx_word' id='word_1_245' title='bbox 1443 3864 1503 3939; x_wconf 91' lang='lat' dir='ltr'>ni-</span> 
     </span>
     <span class='ocr_line' id='line_1_32' title="bbox 161 3979 1502 4090; baseline 0.001 -36"><span class='ocrx_word' id='word_1_246' title='bbox 161 3979 288 4080; x_wconf 82' lang='lat' dir='ltr'>hilque</span> <span class='ocrx_word' id='word_1_247' title='bbox 317 3980 545 4073; x_wconf 90' lang='lat' dir='ltr'>obtinuisse;</span> <span class='ocrx_word' id='word_1_248' title='bbox 577 4005 620 4057; x_wconf 85' lang='lat' dir='ltr'>co</span> <span class='ocrx_word' id='word_1_249' title='bbox 639 3981 736 4090; x_wconf 83' lang='lat' dir='ltr'>quod</span> <span class='ocrx_word' id='word_1_250' title='bbox 754 3982 867 4058; x_wconf 86' lang='lat' dir='ltr'>virile</span> <span class='ocrx_word' id='word_1_251' title='bbox 896 3983 1105 4057; x_wconf 89' lang='lat' dir='ltr'>membrum</span> <span class='ocrx_word' id='word_1_252' title='bbox 1133 4007 1338 4082; x_wconf 86' lang='lat' dir='ltr'>numquam</span> <span class='ocrx_word' id='word_1_253' title='bbox 1357 3981 1502 4082; x_wconf 88' lang='lat' dir='ltr'>erigere</span> 
     </span>
     <span class='ocr_line' id='line_1_33' title="bbox 159 4099 1504 4204; baseline 0.001 -29"><span class='ocrx_word' id='word_1_254' title='bbox 159 4101 328 4201; x_wconf 89' lang='lat' dir='ltr'>potuerit</span> <span class='ocrx_word' id='word_1_255' title='bbox 357 4105 512 4204; x_wconf 88' lang='lat' dir='ltr'>propter</span> <span class='ocrx_word' id='word_1_256' title='bbox 539 4101 800 4178; x_wconf 89' lang='lat' dir='ltr'>invincibilem</span> <span class='ocrx_word' id='word_1_257' title='bbox 836 4099 1104 4202; x_wconf 81' lang='lat' dir='ltr'>frigiditatem.</span> <span class='ocrx_word' id='word_1_258' title='bbox 1146 4101 1253 4189; x_wconf 83' lang='lat' dir='ltr'>Quod</span> <span class='ocrx_word' id='word_1_259' title='bbox 1281 4126 1366 4177; x_wconf 90' lang='lat' dir='ltr'>cum</span> <span class='ocrx_word' id='word_1_260' title='bbox 1394 4104 1504 4203; x_wconf 90' lang='lat' dir='ltr'>pater</span> 
     </span>
     <span class='ocr_line' id='line_1_34' title="bbox 158 4219 1502 4324; baseline 0.002 -30"><span class='ocrx_word' id='word_1_261' title='bbox 158 4222 416 4322; x_wconf 90' lang='lat' dir='ltr'>cognovisset,</span> <span class='ocrx_word' id='word_1_262' title='bbox 449 4225 584 4297; x_wconf 87' lang='lat' dir='ltr'>vocata</span> <span class='ocrx_word' id='word_1_263' title='bbox 630 4219 773 4298; x_wconf 85' lang='lat' dir='ltr'>femina</span> <span class='ocrx_word' id='word_1_264' title='bbox 801 4223 879 4298; x_wconf 91' lang='lat' dir='ltr'>iam</span> <span class='ocrx_word' id='word_1_265' title='bbox 916 4226 1114 4324; x_wconf 87' lang='lat' dir='ltr'>corrupta,</span> <span class='ocrx_word' id='word_1_266' title='bbox 1146 4223 1272 4298; x_wconf 90' lang='lat' dir='ltr'>voluit</span> <span class='ocrx_word' id='word_1_267' title='bbox 1300 4229 1343 4297; x_wconf 90' lang='lat' dir='ltr'>ut</span> <span class='ocrx_word' id='word_1_268' title='bbox 1375 4245 1502 4298; x_wconf 89' lang='lat' dir='ltr'>coram</span> 
     </span>
     <span class='ocr_line' id='line_1_35' title="bbox 159 4339 1580 4443; baseline 0.001 -29"><span class='ocrx_word' id='word_1_269' title='bbox 159 4365 211 4432; x_wconf 89' lang='lat' dir='ltr'>se,</span> <span class='ocrx_word' id='word_1_270' title='bbox 242 4345 282 4417; x_wconf 88' lang='lat' dir='ltr'>et</span> <span class='ocrx_word' id='word_1_271' title='bbox 313 4341 394 4443; x_wconf 87' lang='lat' dir='ltr'>ipso</span> <span class='ocrx_word' id='word_1_272' title='bbox 422 4341 596 4436; x_wconf 89' lang='lat' dir='ltr'>docente,</span> <span class='ocrx_word' id='word_1_273' title='bbox 628 4341 771 4419; x_wconf 87' lang='lat' dir='ltr'>coitum</span> <span class='ocrx_word' id='word_1_274' title='bbox 798 4368 885 4418; x_wconf 88' lang='lat' dir='ltr'>cum</span> <span class='ocrx_word' id='word_1_275' title='bbox 913 4342 988 4418; x_wconf 90' lang='lat' dir='ltr'>ista</span> <span class='ocrx_word' id='word_1_276' title='bbox 1015 4339 1268 4443; x_wconf 79' lang='lat' dir='ltr'>experiretur,</span> <span class='ocrx_word' id='word_1_277' title='bbox 1300 4346 1339 4417; x_wconf 92' lang='lat' dir='ltr'>et</span> <span class='ocrx_word' id='word_1_278' title='bbox 1368 4341 1504 4417; x_wconf 91' lang='lat' dir='ltr'>nihilo·</span> <span class='ocrx_word' id='word_1_279' title='bbox 1571 4348 1580 4364; x_wconf 91' lang='lat'>&#39;</span> 
     </span>
     <span class='ocr_line' id='line_1_36' title="bbox 159 4461 1545 4564; baseline 0.002 -30"><span class='ocrx_word' id='word_1_280' title='bbox 159 4461 286 4537; x_wconf 91' lang='lat' dir='ltr'>minus</span> <span class='ocrx_word' id='word_1_281' title='bbox 316 4461 429 4538; x_wconf 89' lang='lat' dir='ltr'>inane</span> <span class='ocrx_word' id='word_1_282' title='bbox 462 4463 538 4538; x_wconf 86' lang='lat' dir='ltr'>fuit</span> <span class='ocrx_word' id='word_1_283' title='bbox 566 4467 606 4539; x_wconf 91' lang='lat' dir='ltr'>et</span> <span class='ocrx_word' id='word_1_284' title='bbox 638 4488 780 4540; x_wconf 87' lang='lat' dir='ltr'>vanum</span> <span class='ocrx_word' id='word_1_285' title='bbox 819 4463 1121 4564; x_wconf 88' lang='lat' dir='ltr'>experimentum</span> <span class='ocrx_word' id='word_1_286' title='bbox 1158 4462 1246 4555; x_wconf 84' lang='lat' dir='ltr'>hoc,</span> <span class='ocrx_word' id='word_1_287' title='bbox 1279 4487 1354 4537; x_wconf 91' lang='lat' dir='ltr'>non</span> <span class='ocrx_word' id='word_1_288' title='bbox 1387 4461 1502 4537; x_wconf 85' lang='lat' dir='ltr'>semel</span> <span class='ocrx_word' id='word_1_289' title='bbox 1540 4537 1545 4550; x_wconf 76' lang='grc'><strong>,</strong></span> 
     </span>
     <span class='ocr_line' id='line_1_37' title="bbox 157 4581 1503 4685; baseline 0 -30"><span class='ocrx_word' id='word_1_290' title='bbox 157 4581 275 4657; x_wconf 87' lang='lat' dir='ltr'>etiam</span> <span class='ocrx_word' id='word_1_291' title='bbox 306 4587 549 4660; x_wconf 90' lang='lat' dir='ltr'>renovatum.</span> <span class='ocrx_word' id='word_1_292' title='bbox 582 4583 681 4658; x_wconf 91' lang='lat' dir='ltr'>Hinc</span> <span class='ocrx_word' id='word_1_293' title='bbox 701 4584 741 4660; x_wconf 90' lang='lat' dir='ltr'>in</span> <span class='ocrx_word' id='word_1_294' title='bbox 760 4582 834 4659; x_wconf 87' lang='lat' dir='ltr'>fine</span> <span class='ocrx_word' id='word_1_295' title='bbox 853 4583 1007 4685; x_wconf 91' lang='lat' dir='ltr'>deponit</span> <span class='ocrx_word' id='word_1_296' title='bbox 1028 4582 1314 4658; x_wconf 89' lang='lat' dir='ltr'>matrimonium</span> <span class='ocrx_word' id='word_1_297' title='bbox 1333 4581 1503 4658; x_wconf 89' lang='lat' dir='ltr'>absolute</span> 
     </span>
    </p>
   </div>
   <div class='ocr_carea' id='block_1_3' title="bbox 0 0 1842 5216">
    <p class='ocr_par' dir='ltr' id='par_1_5' title="bbox 0 0 1842 5216">
     <span class='ocr_line' id='line_1_38' title="bbox 0 0 1842 5216; baseline 0 0"><span class='ocrx_word' id='word_1_298' title='bbox 0 0 1842 5216; x_wconf 95' lang='lat' dir='ltr'> </span> 
     </span>
    </p>
   </div>
  </div>
 </body>
</html>
