3674 5262
357 297 399 358 88
914 315 1134 360 oasrurunnrs
1172 283 1187 330 f

359 412 508 489 litatem
541 413 631 489 lassi
651 421 756 507 sunt,
788 418 827 490 et
857 419 1002 517 patrem
1024 418 1301 518 redarguerunt
1320 442 1362 494 eo
1391 418 1452 494 vel
1472 419 1560 519 quia
1579 419 1700 495 filium

358 535 524 636 cogendo
551 533 598 611 ad
626 535 928 628 matrimonium,
960 537 1151 614 infelicem
1181 537 1363 614 feminam
1392 539 1570 614 reddidit.

440 655 493 731 Et
521 655 592 732 hoc
619 657 867 734 confirmatur
894 683 941 733 ex
971 658 1094 752 facto,
1134 661 1252 760 quod,
1293 665 1377 762 post
1405 661 1697 763 separationem,

359 776 532 881 inspecta
567 777 704 853 mulier
731 805 753 852 a
782 805 851 854 sua
878 779 997 855 aruita
1026 781 1131 856 Rosa
1159 781 1425 858 Gambardella
1463 783 1615 880 integra
1642 806 1702 855 re-

358 903 467 1000 perta
486 897 561 973 fuit
581 903 624 972 ut
644 898 769 998 virge,
801 899 891 999 quin
913 900 1046 975 violati
1068 898 1235 986 ¹claustri
1255 902 1367 1002 signa
1391 901 1472 977 ulla
1491 902 1697 1003 praeberet.

361 1019 467 1107 Quod
496 1044 543 1094 ex
573 1043 648 1093 non
675 1019 796 1094 dubiis
824 1020 976 1095 indiciis
1011 1019 1169 1096 deduxit
1198 1021 1273 1096 alin
1313 1023 1449 1112 testis,
1482 1021 1702 1098 Gelsomina

359 1139 639 1232 Gambardella,
662 1164 776 1215 soror
794 1141 962 1216 actricis.
995 1140 1100 1228 Quae
1119 1142 1248 1217 omnia
1276 1141 1353 1216 fere
1383 1143 1514 1218 statim
1536 1141 1581 1216 ad
1610 1139 1703 1216 alio-

359 1245 444 1336 rum
473 1284 583 1336 aures
612 1265 883 1362 pervenerunt,
915 1260 972 1335 uti
1002 1260 1181 1362 colligere
1208 1265 1266 1336 est
1295 1286 1343 1336 ex
1371 1259 1603 1362 depositione
1634 1259 1703 1334 nl-

359 1381 497 1484 phonsi
526 1379 805 1458 Gambardella.
838 1381 951 1460 Unde
979 1380 1051 1484 ipsi
1082 1382 1211 1458 Caroli
1241 1381 1432 1482 genitores
1461 1381 1594 1456 dehoc
1624 1406 1704 1456 ma-
1816 1447 1817 1468 ,

361 1502 542 1578 trimonio
564 1501 758 1601 loquentes
778 1525 862 1576 oum
887 1501 1069 1578 Paulinae
1090 1502 1324 1604 parentibus.
1348 1502 1418 1577 filii
1439 1501 1702 1604 impotentiam
1816 1475 1817 1570 i

361 1622 601 1724 apertissime
629 1620 848 1715 doluerunt,
880 1627 919 1697 et
938 1623 1151 1714 mulierem,
1174 1622 1269 1722 quod
1299 1623 1566 1728 aequoanimo
1585 1621 1622 1697 id
1642 1627 1705 1697 tu-

366 1743 491 1834 lisset,
524 1741 793 1817 laudaverunt.

442 1862 505 1938 Ex
533 1861 733 1962 usigitur
753 1863 924 1938 omnibus
944 1863 1182 1965 apertissime
1201 1863 1393 1938 evincitur
1417 1861 1704 1936 matrimonium

362 1982 404 2058 iu
432 2007 523 2058 casu
551 2005 755 2082 numquam
786 2007 919 2058 revera
938 1987 1240 2058 consummatum
1265 1981 1395 2072 fuisse,
1423 1980 1534 2082 idque
1561 1979 1705 2056 cxviii

361 2102 589 2206 impotentia
617 2101 842 2177 certissimis
872 2102 1109 2202 argumentis
1137 2102 1393 2204 comprobata.

440 2221 614 2325 Opponet
630 2221 790 2298 fortasse
809 2223 893 2324 quis
910 2222 1075 2298 validius
1095 2222 1300 2300 desiderari
1319 2223 1359 2298 in
1379 2220 1705 2298 demonstratione

361 2347 648 2444 argumentum,
681 2342 921 2446 desumptum
950 2370 998 2420 ex
1027 2345 1254 2419 medicorum
1281 2343 1432 2444 peritia,
1455 2341 1518 2442 qui
1548 2339 1618 2415 soli
1649 2340 1708 2414 iu·
1816 2369 1817 2372 ¹

362 2463 478 2538 ridicc
506 2463 551 2538 de
580 2463 806 2565 impotentia
835 2465 1097 2541 testimonium
1127 2465 1250 2540 dicere
1279 2467 1452 2566 possunt.
1493 2465 1547 2539 ut
1576 2459 1708 2536 sciatis

283 2681 285 2685 Ι
360 2588 524 2685 oportet,
557 2583 833 2685 Sapientissimi
865 2585 1022 2677 ludices,
1056 2611 1114 2660 me
1143 2585 1316 2660 consulto
1346 2583 1574 2660 abstinuisse
1603 2580 1709 2656 ade·
1750 2681 1755 2694 ι

289 2717 293 2730 “
363 2703 537 2779 ducendo
565 2711 792 2804 argumento
810 2731 858 2780 ex
880 2707 1114 2781 medicorum
1145 2706 1305 2807 peritia,
1334 2704 1429 2805 quia
1457 2703 1542 2778 inde
1571 2702 1707 2804 proba-

365 2829 441 2900 tam
475 2823 1314 2928 voloalteramdemonstrationispartem,
1351 2849 1445 2924 quae
1474 2827 1557 2898 tota
1594 2824 1633 2898 in
1664 2847 1709 2897 eo
1816 2915 1817 2920 Ἰ

362 2949 443 3026 est,
481 2948 525 3019 ut
563 2949 722 3044 quaerat
756 2971 804 3020 an
843 2946 979 3021 saltem
1017 2947 1184 3048 potuerit
1221 2946 1381 3022 Carolus
1420 2943 1707 3020 matrimonium

362 3089 639 3142 consummare.
672 3065 712 3142 Si
741 3067 843 3142 enim
871 3070 1035 3160 constet,
1065 3094 1114 3142 ex
1143 3068 1371 3143 medicorum
1406 3066 1558 3168 peritia,
1590 3065 1711 3142 Caro·
1816 3097 1817 3112 ¹

363 3186 443 3262 lum
472 3211 592 3286 neque
609 3189 784 3290 potuisse
805 3189 1089 3265 matrimonium
1110 3213 1386 3280 consummare,
1409 3213 1431 3262 a
1453 3184 1601 3262 fortiori
1623 3209 1711 3288 pro-

360 3308 491 3382 batum
520 3309 689 3388 manebit
716 3309 856 3412 ipsum,
889 3309 934 3385 ad
964 3311 1107 3386 sactum
1137 3310 1233 3411 quod
1262 3313 1431 3410 spectat,
1468 3331 1603 3384 revera
1632 3331 1708 3392 nou

362 3451 659 3503 consummasse.
690 3430 810 3531 Atqui
831 3455 890 3504 res
913 3431 966 3505 ita
984 3455 1023 3504 se
1045 3431 1169 3506 habet,
1202 3430 1309 3518 Quod
1337 3433 1380 3505 ut
1400 3428 1540 3504 clarius
1560 3431 1706 3528 pateat,

362 3547 627 3624 animadverto
656 3573 722 3651 pro
750 3549 947 3625 Tribunali
969 3551 1239 3626 Ecclesiastico
1268 3555 1502 3650 assumptam
1524 3549 1642 3623 luisse
1661 3547 1711 3622 il·

363 3667 439 3742 lam
471 3668 592 3770 ipsam
622 3671 851 3746 medicorum
880 3672 1083 3773 peritiam,
1115 3696 1210 3773 quae
1238 3678 1396 3746 exarata
1425 3669 1500 3744 suit
1529 3693 1596 3770 pro
1624 3669 1713 3744 'l‘ri-
1810 3737 1817 3775 a,

362 3787 494 3864 bunali
523 3789 656 3866 Civili.
689 3791 747 3870 Ut
776 3795 905 3867 autem
925 3793 1123 3869 iuridieam
1152 3793 1232 3868 vim
1253 3793 1407 3868 haberet
1430 3793 1546 3867 etiam
1567 3792 1608 3866 in
1628 3791 1711 3865 loro
1808 3885 1817 3898 ‚

363 3911 643 4006 ecclesiastico,
685 3921 842 3991 vocatus
872 3915 947 3991 fuit
987 3917 1034 3992 D.
1068 3916 1267 3994 Carmelus
1298 3917 1492 4007 Patamia,
1534 3939 1632 3990 rmus
1660 3937 1712 3989 ex

363 4031 533 4122 medicis
565 4034 627 4133 qui
659 4060 724 4136 pro
745 4035 861 4112 Ciuili
882 4036 1080 4112 Trilumali
1100 4039 1276 4140 peritiam
1301 4041 1525 4112 exararunt.
1557 4036 1611 4112 Et
1630 4035 1709 4128 hie,

363 4153 565 4230 interiecta
591 4156 794 4232 iuramenti
825 4157 1008 4258 religione
1028 4157 1073 4234 ad
1095 4166 1228 4235 sancta
1248 4159 1318 4234 Dei
1339 4157 1568 4258 Evangelia,
1591 4157 1713 4232 latam
1814 4222 1817 4231 ,

364 4274 539 4375 peritiam
571 4277 608 4351 iu
639 4279 811 4354 omnibus
847 4279 1110 4373 confirmavit,
1150 4281 1260 4356 iuxta
1287 4304 1331 4354 ea
1366 4303 1460 4379 quae
1497 4302 1562 4378 pro
1591 4276 1715 4354 Civili

363 4393 560 4471 Tribunali
589 4397 827 4500 deposuerat.

446 4515 526 4591 lam
554 4544 644 4594 vero
672 4546 719 4594 ex
748 4520 818 4595 hac
846 4519 1076 4596 medicorum
1106 4522 1244 4624 peritia
1271 4525 1344 4595 duo
1373 4525 1530 4594 manent
1558 4518 1716 4594 criden·

366 4634 513 4712 tissime
542 4641 711 4741 probata,
744 4640 890 4716 scilicet
924 4641 958 4716 l.
991 4641 1172 4718 Carolum
1200 4643 1240 4717 in
1269 4663 1312 4716 eo
1338 4643 1443 4716 statu
1472 4639 1643 4741 reperiri,
1666 4643 1715 4714 ut
