3674 5262
302 259 344 321 tl
835 279 877 326 111
899 279 925 324 5.
943 281 973 324 o.
992 279 1112 325 0110011

301 381 522 465 praestitum
547 381 649 449 nullo
674 387 782 468 pacto
805 401 828 451 a
852 383 1016 450 Decretis
1040 384 1266 453 Urbanianis
1290 384 1426 472 attingi,
1467 403 1586 471 quum
1609 385 1646 452 in

300 503 396 554 casu
433 492 567 575 agatur
591 488 638 557 de
677 488 779 556 cultu
821 490 1074 558 vetustissimo
1109 508 1177 577 per
1207 489 1285 559 lere
1321 508 1460 558 novem
1495 490 1646 560 saecula

303 591 391 661 huic
415 598 544 663 nostro
569 593 806 664 sanctissimo
831 594 910 663 viro
934 596 1120 682 praestito.
1146 597 1269 676 Quare
1293 597 1438 683 absque
1463 595 1534 666 alio
1565 595 1646 684 plu·

303 697 421 768 rimas
445 719 489 770 ac
512 700 887 770 concludentissimas
911 701 1079 770 eiusdem
1106 703 1228 771 cultus
1251 701 1490 790 probationes
1513 703 1549 770 in
1572 721 1648 771 me

298 803 408 872 dium
432 805 632 893 proferam,
659 827 757 895 quae
780 827 801 876 0
827 827 868 876 19
890 809 982 876 111511
1006 827 1075 895 pro
1106 808 1339 895 mortalibus,
1372 827 1509 897 nempe
1534 829 1556 880 a
1591 829 1646 878 se

303 911 462 996 pulchro
487 915 580 982 Ven.
605 915 762 984 Lanuini
786 915 969 1003 originem
993 917 1145 985 ducunt.

371 1018 645 1090 Convertamus
669 1021 837 1108 paullum
862 1027 1028 1090 mentem
1052 1027 1221 1092 nostram
1245 1022 1293 1091 ad
1320 1005 1417 1091 diem
1444 1025 1484 1091 ll
1510 1022 1647 1109 Aprilis

303 1124 390 1192 anni
417 1126 684 1196 incarnationis
707 1129 923 1198 Dominioae
949 1131 1045 1215 1120,
1071 1130 1106 1196 in
1124 1147 1199 1216 qua
1215 1128 1331 1198 fertur
1347 1131 1561 1199 Lanuinum
1585 1148 1648 1196 no

300 1237 422 1302 strum
448 1243 670 1323 supremum
697 1237 796 1306 diem
820 1237 958 1306 obiisse
983 1237 1092 1307 valde
1115 1237 1390 1325 illacrymatum
1427 1239 1562 1325 05015,
1598 1241 1647 1307 at-

300 1359 421 1426 quea
446 1340 610 1411 finitimis
634 1343 792 1430 populis,
817 1343 880 1430 qui
904 1345 1094 1413 turmatim
1120 1343 1167 1412 ad
1192 1344 1458 1413 venerandum·
1486 1345 1567 1414 eius
1590 1363 1649 1414 ca·

300 1447 419 1516 daver
443 1449 479 1515 in
504 1450 669 1520 Ecclesia
689 1451 748 1518 sui
772 1450 919 1519 Ordinis
951 1451 1176 1538 expositum,
1205 1456 1456 1520 accesserunt.
1480 1453 1563 1520 Non
1600 1449 1646 1518 le-

302 1553 434 1641 vitatis
462 1557 521 1624 vel
552 1557 771 1628 curiositatis
809 1561 936 1644 causti,
969 1559 1035 1626 sed
1060 1579 1080 1628 a
1106 1557 1206 1628 lama
1237 1559 1411 1629 excelsae
1445 1557 1646 1628 sanctitatis

298 1662 392 1729 tanti
416 1663 494 1731 Viri
517 1664 743 1734 Coenobitae
774 1664 973 1752 compulsi
995 1665 1101 1734 iustis
1130 1664 1311 1735 funebriis
1333 1686 1352 1735 a
1380 1665 1460 1734 suis
1494 1664 1645 1735 Confra-

300 1768 421 1840 tribus
445 1772 645 1858 persolutis
668 1790 808 1860 magno
833 1791 992 1842 numero
1017 1771 1226 1843 adfuerunt.
1245 1775 1328 1844 Una
1345 1779 1424 1843 erat
1440 1793 1526 1862 11011,
1544 1793 1645 1842 unus

297 1880 383 1945 erat
407 1877 560 1964 clamor,
578 1880 642 1966 qui
666 1879 714 1948 ab
738 1878 807 1947 illis
830 1879 1044 1966 pectoribus
1061 1880 1305 1950 emittebatur.
1329 1882 1502 1949 Mortuus
1518 1885 1574 1950 est
1589 1879 1645 1947 tir

297 1989 467 2071 50110105,
492 1989 527 2054 91
550 1987 608 2054 501
634 1985 847 2056 Confratres
871 1991 984 2056 testes
1008 1987 1055 2055 de
1080 1988 1164 2056 visu
1188 1987 1392 2057 sanctitatis
1408 1989 1643 2076 omnigenae,

297 2109 375 2176 qua
401 2093 591 2178 praeditus
615 2092 866 2180 eracemum
900 2093 1074 2179 sepulcro
1111 2094 1234 2164 Sancti
1269 2095 1455 2163 Brunonis
1488 2093 1645 2182 dignum

301 2199 433 2268 merito
460 2204 648 2287 putarunt.
673 2201 717 2282 111
739 2201 811 2269 hoc
835 2200 967 2270 eodem
993 2201 1142 2270 instanti
1165 2201 1297 2288 cultus,
1323 2203 1386 2289 qui
1410 2203 1475 2270 uni
1498 2201 1534 2271 S.
1552 2203 1646 2270 Fun-

296 2305 420 2374 datori
443 2309 644 2394 praestitus
668 2313 756 2392 erat,
783 2309 875 2376 Ven.
901 2308 1113 2377 Lanuinum
1138 2309 1364 2396 complexus
1387 2313 1453 2378 est.

369 2414 611 2494 Quodsemel
627 2416 784 2504 contigit
804 2415 903 2484 idem
920 2420 1103 2502 perpetuo
1119 2417 1326 2504 permansit
1332 2435 1342 2504 3
1367 2422 1526 2503 corpora
1543 2415 1643 2484 enim

297 2518 337 2588 S.
364 2521 551 2590 Brunonis
576 2527 612 2591 et
635 2525 728 2591 Ven.
754 2523 912 2591 Lanuini
935 2523 971 2590 in
996 2523 1129 2594 eadem
1156 2543 1251 2592 urna
1282 2525 1465 2611 usquein
1502 2521 1647 2590 hodier-

298 2645 393 2695 num
419 2627 518 2698 diem
542 2635 797 2698 asservantur.
822 2631 876 2698 De
900 2649 975 2717 quo
1000 2630 1233 2716 amplissime
1256 2635 1438 2700 testantur
1454 2630 1562 2698 binae
1587 2646 1645 2696 00-

300 2734 479 2804 rumdem
514 2754 717 2822 corporum
754 2738 1027 2825 recognitiones
1061 2737 1109 2806 ab
1145 2738 1360 2806 anctoritate
1395 2735 1645 2805 ecclesiastica

299 2845 487 2927 peractae.
756 2908 757 2911 ,

369 2949 476 3030 Quod
502 2969 592 3018 vero
616 2950 741 3019 cultus
764 2970 851 3038 erga
878 2951 972 3020 Ven.
997 2951 1211 3020 Lanuinum
1242 2949 1468 3020 amicissime
1498 2947 1646 3036 copule-

299 3059 363 3124 tur
388 3075 476 3125 cum
501 3058 581 3127 eius
596 3057 873 3146 perhonorifice
889 3058 1074 3146 sepulcr0,
1092 3065 1248 3128 cunctos
1262 3059 1391 3127 Testes
1408 3057 1443 3123 in
1460 3072 1644 3143 processu

297 3164 496 3249 adhibitos,
522 3166 724 3253 omniaque
749 3167 975 3259 documenta
1000 3169 1036 3234 in
1061 3167 1196 3236 eodem
1221 3167 1407 3234 Processu
1432 3163 1549 3233 relata
1563 3179 1640 3230 am-

298 3270 467 3357 piissime
492 3273 627 3356 testari,
652 3290 698 3342 ac
721 3274 758 3340 in
783 3278 860 3342 tulo
886 3293 1038 3360 ponere.
1064 3276 1119 3343 Re
1143 3293 1236 3343 sane
1252 3292 1342 3342 vera
1366 3293 1388 3341 a
1412 3265 1644 3357 depositioni-

298 3375 375 3446 bus
398 3379 547 3447 testium
571 3379 714 3448 initium
739 3398 907 3466 sumens,
933 3381 1028 3448 inter
1052 3399 1149 3467 quos
1167 3379 1356 3449 brevitatis
1372 3377 1489 3466 gratia
1506 3374 1642 3462 eligam

299 3489 489 3572 quartum,
515 3487 687 3572 quintum
711 3491 748 3556 et
770 3491 957 3574 octavum,
983 3487 1047 3573 qui
1070 3485 1195 3574 quoad
1219 3485 1325 3554 Servi
1342 3484 1407 3552 Dei
1423 3481 1642 3569 sepulcrum

300 3610 348 3660 ac
371 3611 600 3661 concursum
629 3595 677 3662 ad
702 3593 940 3664 venerandas
963 3593 1045 3662 eius
1069 3593 1224 3680 01119195,
1249 3611 1319 3662 nec
1343 3610 1417 3660 11011
1442 3589 1567 3676 quoad
1585 3603 1645 3653 ve·

302 3701 475 3767 tustatem
503 3699 672 3769 eiusdem
706 3700 839 3787 cultus,
872 3719 916 3769 ac
940 3700 1021 3768 eius
1056 3701 1260 3768 recentiora
1291 3701 1523 3786 argumenta,
1549 3694 1643 3763 11090

300 3825 401 3892 quae
425 3815 647 3894 sequuntur,
672 3809 745 3877 sub
769 3809 960 3878 sanctitate
992 3806 1189 3876 iuramenti
1223 3808 1425 3894 deponunt.
1449 3803 1569 3873 Testis
1593 3800 1644 3867 lV

299 3912 405 3982 iuxta
430 3915 604 4004 interrog.
629 3918 650 3984 8
674 3936 773 4015 resp.
804 3916 878 3982 «lo
902 3933 946 3983 so
970 3933 1064 4000 pure
1089 3933 1157 4001 per
1186 3914 1307 3983 antica
1337 3911 1538 3981 tradicione
1573 3908 1643 3976 ohe

301 4020 325 4087 il
349 4039 465 4110 corpo
490 4024 551 4092 del
582 4025 621 4091 B.
654 4023 823 4092 Lanuino
847 4021 879 4090 si
903 4020 923 4090 9
953 4025 1177 4089 conservato
1213 4021 1374 4090 assieme
1398 4019 1433 4088 01
1467 4034 1582 4104 corpo
1606 4013 1643 4082 di

300 4126 337 4194 S.
363 4128 500 4215 Brimo,
526 4129 623 4197 dove
648 4127 889 4197 attualmente
913 4128 944 4196 si
957 4131 1065 4212 trouu
1079 4126 1174 4196 nella
1189 4127 1395 4196 medesima
1414 4144 1520 4194 cassa
1540 4147 1571 4189 >›.
1590 4122 1644 4188 lu·

301 4237 366 4302 xta
391 4235 566 4324 interrog.
590 4239 612 4304 9
636 4255 733 4322 resp.
762 4237 936 4316 «Questa
967 4234 1173 4302 devozione
1196 4234 1232 4304 al
1266 4236 1379 4303 Beato
1403 4233 1572 4302 Lanuino
1608 4227 1642 4296 la

302 4339 450 4408 ricordo
476 4343 511 4409 in
537 4343 624 4430 tutti,
649 4363 669 4411 e
694 4361 845 4428 sempre
868 4340 922 4409 fin
947 4339 1046 4410 dalla
1078 4341 1149 4408 mia
1188 4339 1437 4426 lanciullezza‚
1463 4360 1483 4408 e
1507 4339 1538 4407 si
1561 4337 1643 4405 dice

300 4448 373 4516 cbe
398 4447 437 4518 111
461 4469 613 4537 sempre
637 4454 857 4518 conservata
884 4449 931 4517 da
957 4448 1072 4535 tempi
1096 4448 1337 4518 antichissimi
1354 4471 1385 4515 ».

369 4557 489 4624 Testis
502 4558 534 4623 V
548 4558 650 4625 iuxta
671 4557 830 4626 eandem
850 4555 1021 4641 interrog.
1036 4573 1134 4641 resp.
1161 4576 1179 4619 «
1196 4554 1246 4624 So
1259 4574 1353 4641 pure
1366 4555 1562 4642 perantica
1572 4557 1642 4622 tra-
