<?xml version="1.0" encoding="UTF-8"?>
<!DOCTYPE html PUBLIC "-//W3C//DTD XHTML 1.0 Transitional//EN"
    "http://www.w3.org/TR/xhtml1/DTD/xhtml1-transitional.dtd">
<html xmlns="http://www.w3.org/1999/xhtml" xml:lang="en" lang="en">
 <head>
  <title>
</title>
<meta http-equiv="Content-Type" content="text/html;charset=utf-8" />
  <meta name='ocr-system' content='tesseract 3.04.00' />
  <meta name='ocr-capabilities' content='ocr_page ocr_carea ocr_par ocr_line ocrx_word'/>
</head>
<body>
  <div class='ocr_page' id='page_1' title='image "actasanctaesedi01popegoog_0070.png"; bbox 0 0 3674 5264; ppageno 0'>
   <div class='ocr_carea' id='block_1_1' title="bbox 722 244 1520 308">
    <p class='ocr_par' dir='ltr' id='par_1_1' title="bbox 722 244 1520 308">
     <span class='ocr_line' id='line_1_1' title="bbox 722 244 1520 308; baseline 0.005 -5"><span class='ocrx_word' id='word_1_1' title='bbox 722 259 886 304; x_wconf 79' lang='lat' dir='ltr'><strong>nuueunrx</strong></span> <span class='ocrx_word' id='word_1_2' title='bbox 909 260 931 303; x_wconf 89' lang='lat'><strong>1.</strong></span> <span class='ocrx_word' id='word_1_3' title='bbox 1459 244 1520 308; x_wconf 78' lang='lat' dir='ltr'><strong>ot</strong></span> 
     </span>
    </p>
   </div>
   <div class='ocr_carea' id='block_1_2' title="bbox 145 357 1583 2470">
    <p class='ocr_par' dir='ltr' id='par_1_2' title="bbox 148 357 1496 554">
     <span class='ocr_line' id='line_1_2' title="bbox 148 357 1496 449; baseline 0.005 -25"><span class='ocrx_word' id='word_1_4' title='bbox 148 367 183 424; x_wconf 91' lang='lat' dir='ltr'><strong>et</strong></span> <span class='ocrx_word' id='word_1_5' title='bbox 207 357 345 424; x_wconf 88' lang='lat' dir='ltr'><strong>intentio</strong></span> <span class='ocrx_word' id='word_1_6' title='bbox 370 359 613 425; x_wconf 83' lang='lat' dir='ltr'><strong>matrimonium</strong></span> <span class='ocrx_word' id='word_1_7' title='bbox 640 357 884 426; x_wconf 90' lang='lat' dir='ltr'><strong>invalidatcum</strong></span> <span class='ocrx_word' id='word_1_8' title='bbox 903 358 1081 445; x_wconf 91' lang='lat' dir='ltr'><strong>inpactum</strong></span> <span class='ocrx_word' id='word_1_9' title='bbox 1107 360 1248 428; x_wconf 90' lang='lat' dir='ltr'><strong>deducta</strong></span> <span class='ocrx_word' id='word_1_10' title='bbox 1274 362 1391 448; x_wconf 78' lang='lat' dir='ltr'><strong>luerit,</strong></span> <span class='ocrx_word' id='word_1_11' title='bbox 1409 365 1496 449; x_wconf 89' lang='lat' dir='ltr'><strong>quod</strong></span> 
     </span>
     <span class='ocr_line' id='line_1_3' title="bbox 150 464 1329 554; baseline 0.005 -26"><span class='ocrx_word' id='word_1_12' title='bbox 150 474 283 550; x_wconf 90' lang='lat' dir='ltr'><strong>pactum</strong></span> <span class='ocrx_word' id='word_1_13' title='bbox 309 483 349 530; x_wconf 81' lang='lat' dir='ltr'><strong>ex</strong></span> <span class='ocrx_word' id='word_1_14' title='bbox 373 464 494 550; x_wconf 89' lang='lat' dir='ltr'><strong>verbis,</strong></span> <span class='ocrx_word' id='word_1_15' title='bbox 520 465 838 550; x_wconf 82' lang='lat' dir='ltr'><strong>quibusconsensus</strong></span> <span class='ocrx_word' id='word_1_16' title='bbox 864 483 1037 552; x_wconf 85' lang='lat' dir='ltr'><strong>expressus</strong></span> <span class='ocrx_word' id='word_1_17' title='bbox 1061 466 1160 532; x_wconf 92' lang='lat' dir='ltr'><strong>luerit</strong></span> <span class='ocrx_word' id='word_1_18' title='bbox 1184 467 1329 554; x_wconf 87' lang='lat' dir='ltr'><strong>patefiet.</strong></span> 
     </span>
    </p>

    <p class='ocr_par' dir='ltr' id='par_1_3' title="bbox 145 569 1583 2470">
     <span class='ocr_line' id='line_1_4' title="bbox 239 569 1496 660; baseline 0.006 -25"><span class='ocrx_word' id='word_1_19' title='bbox 239 572 282 636; x_wconf 87' lang='lat' dir='ltr'><strong>Ut</strong></span> <span class='ocrx_word' id='word_1_20' title='bbox 306 569 356 636; x_wconf 88' lang='lat' dir='ltr'><strong>via</strong></span> <span class='ocrx_word' id='word_1_21' title='bbox 380 571 544 657; x_wconf 90' lang='lat' dir='ltr'><strong>aperiatur</strong></span> <span class='ocrx_word' id='word_1_22' title='bbox 568 571 775 638; x_wconf 89' lang='lat' dir='ltr'><strong>instaurando</strong></span> <span class='ocrx_word' id='word_1_23' title='bbox 792 571 882 637; x_wconf 78' lang='lat' dir='ltr'><strong>iuxta</strong></span> <span class='ocrx_word' id='word_1_24' title='bbox 899 571 1084 638; x_wconf 91' lang='lat' dir='ltr'><strong>christianas</strong></span> <span class='ocrx_word' id='word_1_25' title='bbox 1109 573 1201 660; x_wconf 88' lang='lat' dir='ltr'><strong>leges</strong></span> <span class='ocrx_word' id='word_1_26' title='bbox 1226 575 1496 642; x_wconf 75' lang='lat' dir='ltr'><strong>conscientiarum</strong></span> 
     </span>
     <span class='ocr_line' id='line_1_5' title="bbox 146 676 1498 772; baseline 0.005 -31"><span class='ocrx_word' id='word_1_27' title='bbox 146 676 257 744; x_wconf 89' lang='lat' dir='ltr'><strong>ordini</strong></span> <span class='ocrx_word' id='word_1_28' title='bbox 281 677 315 743; x_wconf 95' lang='lat' dir='ltr'><strong>in</strong></span> <span class='ocrx_word' id='word_1_29' title='bbox 339 677 442 743; x_wconf 89' lang='lat' dir='ltr'><strong>insula</strong></span> <span class='ocrx_word' id='word_1_30' title='bbox 467 677 622 761; x_wconf 86' lang='lat' dir='ltr'><strong>Kitzuki,</strong></span> <span class='ocrx_word' id='word_1_31' title='bbox 648 677 754 764; x_wconf 88' lang='lat' dir='ltr'><strong>primo</strong></span> <span class='ocrx_word' id='word_1_32' title='bbox 789 697 824 742; x_wconf 92' lang='lat' dir='ltr'><strong>ac</strong></span> <span class='ocrx_word' id='word_1_33' title='bbox 853 680 1032 772; x_wconf 80' lang='lat' dir='ltr'><strong>praecipue</strong></span> <span class='ocrx_word' id='word_1_34' title='bbox 1070 678 1292 766; x_wconf 90' lang='lat' dir='ltr'><strong>investiganda</strong></span> <span class='ocrx_word' id='word_1_35' title='bbox 1326 681 1388 748; x_wconf 92' lang='lat' dir='ltr'><strong>erit</strong></span> <span class='ocrx_word' id='word_1_36' title='bbox 1419 682 1498 748; x_wconf 91' lang='lat' dir='ltr'><strong>vali-</strong></span> 
     </span>
     <span class='ocr_line' id='line_1_6' title="bbox 150 781 1497 874; baseline 0.004 -25"><span class='ocrx_word' id='word_1_37' title='bbox 150 781 233 850; x_wconf 82' lang='lat' dir='ltr'><strong>ditas</strong></span> <span class='ocrx_word' id='word_1_38' title='bbox 269 783 468 871; x_wconf 91' lang='lat' dir='ltr'><strong>baptismatis</strong></span> <span class='ocrx_word' id='word_1_39' title='bbox 502 784 638 872; x_wconf 83' lang='lat' dir='ltr'><strong>singtdis</strong></span> <span class='ocrx_word' id='word_1_40' title='bbox 670 785 803 863; x_wconf 89' lang='lat' dir='ltr'><strong>collati,</strong></span> <span class='ocrx_word' id='word_1_41' title='bbox 830 784 947 850; x_wconf 88' lang='lat' dir='ltr'><strong>habitis</strong></span> <span class='ocrx_word' id='word_1_42' title='bbox 979 805 1057 872; x_wconf 90' lang='lat' dir='ltr'><strong>prae</strong></span> <span class='ocrx_word' id='word_1_43' title='bbox 1094 786 1196 854; x_wconf 91' lang='lat' dir='ltr'><strong>oculis</strong></span> <span class='ocrx_word' id='word_1_44' title='bbox 1232 787 1497 874; x_wconf 77' lang='lat' dir='ltr'><strong>responsionibus</strong></span> 
     </span>
     <span class='ocr_line' id='line_1_7' title="bbox 146 891 1498 980; baseline 0.003 -24"><span class='ocrx_word' id='word_1_45' title='bbox 146 909 229 976; x_wconf 88' lang='lat' dir='ltr'><strong>quas</strong></span> <span class='ocrx_word' id='word_1_46' title='bbox 261 893 419 978; x_wconf 86' lang='lat' dir='ltr'><strong>Suprema</strong></span> <span class='ocrx_word' id='word_1_47' title='bbox 443 892 523 958; x_wconf 91' lang='lat' dir='ltr'><strong>haec</strong></span> <span class='ocrx_word' id='word_1_48' title='bbox 546 891 764 978; x_wconf 87' lang='lat' dir='ltr'><strong>Congregatio</strong></span> <span class='ocrx_word' id='word_1_49' title='bbox 789 895 822 959; x_wconf 89' lang='lat' dir='ltr'><strong>S.</strong></span> <span class='ocrx_word' id='word_1_50' title='bbox 848 892 949 958; x_wconf 83' lang='lat' dir='ltr'><strong>Officii</strong></span> <span class='ocrx_word' id='word_1_51' title='bbox 974 893 1014 959; x_wconf 89' lang='lat' dir='ltr'><strong>ad</strong></span> <span class='ocrx_word' id='word_1_52' title='bbox 1039 894 1136 961; x_wconf 89' lang='lat' dir='ltr'><strong>dubia</strong></span> <span class='ocrx_word' id='word_1_53' title='bbox 1163 893 1257 960; x_wconf 92' lang='lat' dir='ltr'><strong>dedit</strong></span> <span class='ocrx_word' id='word_1_54' title='bbox 1284 894 1387 961; x_wconf 69' lang='lat' dir='ltr'><strong>Vicar,</strong></span> <span class='ocrx_word' id='word_1_55' title='bbox 1413 900 1498 980; x_wconf 78' lang='lat' dir='ltr'><strong>Apo·</strong></span> 
     </span>
     <span class='ocr_line' id='line_1_8' title="bbox 150 996 1497 1088; baseline 0.006 -28"><span class='ocrx_word' id='word_1_56' title='bbox 150 996 267 1062; x_wconf 89' lang='lat' dir='ltr'><strong>stolico</strong></span> <span class='ocrx_word' id='word_1_57' title='bbox 283 998 431 1084; x_wconf 89' lang='lat' dir='ltr'><strong>laponiae</strong></span> <span class='ocrx_word' id='word_1_58' title='bbox 449 998 529 1064; x_wconf 90' lang='lat' dir='ltr'><strong>leria</strong></span> <span class='ocrx_word' id='word_1_59' title='bbox 545 1002 585 1066; x_wconf 89' lang='lat' dir='ltr'><strong>lll</strong></span> <span class='ocrx_word' id='word_1_60' title='bbox 610 997 663 1065; x_wconf 90' lang='lat' dir='ltr'><strong>die</strong></span> <span class='ocrx_word' id='word_1_61' title='bbox 691 1003 727 1064; x_wconf 90' lang='lat' dir='ltr'><strong>ll</strong></span> <span class='ocrx_word' id='word_1_62' title='bbox 748 999 849 1065; x_wconf 87' lang='lat' dir='ltr'><strong>hlartii</strong></span> <span class='ocrx_word' id='word_1_63' title='bbox 870 1003 966 1066; x_wconf 81' lang='lat' dir='ltr'><strong>lette.</strong></span> <span class='ocrx_word' id='word_1_64' title='bbox 994 1003 1039 1066; x_wconf 80' lang='lat' dir='ltr'><strong>Es</strong></span> <span class='ocrx_word' id='word_1_65' title='bbox 1064 1002 1123 1066; x_wconf 90' lang='lat' dir='ltr'><strong>hac</strong></span> <span class='ocrx_word' id='word_1_66' title='bbox 1148 1001 1399 1088; x_wconf 78' lang='lat' dir='ltr'><strong>investigatione</strong></span> <span class='ocrx_word' id='word_1_67' title='bbox 1416 1021 1497 1068; x_wconf 91' lang='lat' dir='ltr'><strong>non·</strong></span> 
     </span>
     <span class='ocr_line' id='line_1_9' title="bbox 150 1101 1583 1192; baseline 0.001 -26"><span class='ocrx_word' id='word_1_68' title='bbox 150 1101 233 1167; x_wconf 90' lang='lat' dir='ltr'><strong>nulli</strong></span> <span class='ocrx_word' id='word_1_69' title='bbox 258 1102 413 1188; x_wconf 88' lang='lat' dir='ltr'><strong>invalide,</strong></span> <span class='ocrx_word' id='word_1_70' title='bbox 439 1105 551 1189; x_wconf 83' lang='lat' dir='ltr'><strong>piures</strong></span> <span class='ocrx_word' id='word_1_71' title='bbox 575 1105 688 1190; x_wconf 87' lang='lat' dir='ltr'><strong>dubie,</strong></span> <span class='ocrx_word' id='word_1_72' title='bbox 713 1104 813 1189; x_wconf 83' lang='lat' dir='ltr'><strong>aliqui</strong></span> <span class='ocrx_word' id='word_1_73' title='bbox 845 1104 953 1180; x_wconf 81' lang='lat' dir='ltr'><strong>ralide</strong></span> <span class='ocrx_word' id='word_1_74' title='bbox 984 1103 1137 1190; x_wconf 76' lang='lat' dir='ltr'><strong>baptizati</strong></span> <span class='ocrx_word' id='word_1_75' title='bbox 1162 1105 1301 1191; x_wconf 89' lang='lat' dir='ltr'><strong>reperiri</strong></span> <span class='ocrx_word' id='word_1_76' title='bbox 1328 1115 1496 1192; x_wconf 89' lang='lat' dir='ltr'><strong>poterunt.</strong></span> <span class='ocrx_word' id='word_1_77' title='bbox 1580 1162 1583 1168; x_wconf 76' lang='grc'><strong><em>,</em></strong></span> 
     </span>
     <span class='ocr_line' id='line_1_10' title="bbox 145 1207 1497 1304; baseline 0.006 -32"><span class='ocrx_word' id='word_1_78' title='bbox 145 1207 207 1284; x_wconf 78' lang='lat' dir='ltr'><strong>Qui</strong></span> <span class='ocrx_word' id='word_1_79' title='bbox 233 1208 375 1276; x_wconf 78' lang='lat' dir='ltr'><strong>invalide</strong></span> <span class='ocrx_word' id='word_1_80' title='bbox 399 1211 597 1298; x_wconf 91' lang='lat' dir='ltr'><strong>baptismum</strong></span> <span class='ocrx_word' id='word_1_81' title='bbox 618 1222 833 1299; x_wconf 84' lang='lat' dir='ltr'><strong>receperunt,</strong></span> <span class='ocrx_word' id='word_1_82' title='bbox 859 1223 1023 1304; x_wconf 86' lang='lat' dir='ltr'><strong>tamquam</strong></span> <span class='ocrx_word' id='word_1_83' title='bbox 1048 1211 1169 1278; x_wconf 90' lang='lat' dir='ltr'><strong>ethnici</strong></span> <span class='ocrx_word' id='word_1_84' title='bbox 1194 1211 1334 1280; x_wconf 91' lang='lat' dir='ltr'><strong>habendi</strong></span> <span class='ocrx_word' id='word_1_85' title='bbox 1354 1228 1443 1296; x_wconf 88' lang='lat' dir='ltr'><strong>sunt,</strong></span> <span class='ocrx_word' id='word_1_86' title='bbox 1461 1231 1497 1280; x_wconf 92' lang='lat' dir='ltr'><strong>ac</strong></span> 
     </span>
     <span class='ocr_line' id='line_1_11' title="bbox 148 1315 1496 1405; baseline 0.004 -27"><span class='ocrx_word' id='word_1_87' title='bbox 148 1315 291 1400; x_wconf 89' lang='lat' dir='ltr'><strong>proinde</strong></span> <span class='ocrx_word' id='word_1_88' title='bbox 315 1317 342 1380; x_wconf 90' lang='lat' dir='ltr'><strong>si</strong></span> <span class='ocrx_word' id='word_1_89' title='bbox 365 1315 418 1382; x_wconf 90' lang='lat' dir='ltr'><strong>isti</strong></span> <span class='ocrx_word' id='word_1_90' title='bbox 442 1317 646 1385; x_wconf 90' lang='lat' dir='ltr'><strong>matrimonia</strong></span> <span class='ocrx_word' id='word_1_91' title='bbox 676 1320 761 1384; x_wconf 88' lang='lat' dir='ltr'><strong>inter</strong></span> <span class='ocrx_word' id='word_1_92' title='bbox 791 1338 826 1384; x_wconf 90' lang='lat' dir='ltr'><strong>se</strong></span> <span class='ocrx_word' id='word_1_93' title='bbox 859 1328 1106 1401; x_wconf 78' lang='lat' dir='ltr'><strong>contraxerunt,</strong></span> <span class='ocrx_word' id='word_1_94' title='bbox 1136 1317 1197 1384; x_wconf 89' lang='lat' dir='ltr'><strong>nisi</strong></span> <span class='ocrx_word' id='word_1_95' title='bbox 1230 1317 1336 1384; x_wconf 86' lang='lat' dir='ltr'><strong>obstet</strong></span> <span class='ocrx_word' id='word_1_96' title='bbox 1364 1318 1496 1405; x_wconf 83' lang='lat' dir='ltr'><strong>aliquod</strong></span> 
     </span>
     <span class='ocr_line' id='line_1_12' title="bbox 149 1421 1496 1508; baseline 0.004 -23"><span class='ocrx_word' id='word_1_97' title='bbox 149 1421 424 1508; x_wconf 88' lang='lat' dir='ltr'><strong>impedimentum</strong></span> <span class='ocrx_word' id='word_1_98' title='bbox 449 1424 520 1490; x_wconf 91' lang='lat' dir='ltr'><strong>iure</strong></span> <span class='ocrx_word' id='word_1_99' title='bbox 544 1435 678 1490; x_wconf 91' lang='lat' dir='ltr'><strong>naturae</strong></span> <span class='ocrx_word' id='word_1_100' title='bbox 703 1425 874 1507; x_wconf 87' lang='lat' dir='ltr'><strong>dirimens,</strong></span> <span class='ocrx_word' id='word_1_101' title='bbox 900 1437 978 1489; x_wconf 85' lang='lat' dir='ltr'><strong>vere</strong></span> <span class='ocrx_word' id='word_1_102' title='bbox 1002 1423 1150 1490; x_wconf 87' lang='lat' dir='ltr'><strong>habenda</strong></span> <span class='ocrx_word' id='word_1_103' title='bbox 1175 1435 1281 1490; x_wconf 88' lang='lat' dir='ltr'><strong>erunt.</strong></span> <span class='ocrx_word' id='word_1_104' title='bbox 1306 1425 1364 1503; x_wconf 81' lang='lat' dir='ltr'><strong>Qui</strong></span> <span class='ocrx_word' id='word_1_105' title='bbox 1389 1424 1496 1491; x_wconf 87' lang='lat' dir='ltr'><strong>valide</strong></span> 
     </span>
     <span class='ocr_line' id='line_1_13' title="bbox 147 1527 1508 1618; baseline 0.003 -26"><span class='ocrx_word' id='word_1_106' title='bbox 147 1539 204 1594; x_wconf 91' lang='lat' dir='ltr'><strong>aut</strong></span> <span class='ocrx_word' id='word_1_107' title='bbox 228 1527 330 1594; x_wconf 92' lang='lat' dir='ltr'><strong>dubie</strong></span> <span class='ocrx_word' id='word_1_108' title='bbox 355 1530 504 1616; x_wconf 86' lang='lat' dir='ltr'><strong>baptizati</strong></span> <span class='ocrx_word' id='word_1_109' title='bbox 529 1529 664 1614; x_wconf 91' lang='lat' dir='ltr'><strong>luerint,</strong></span> <span class='ocrx_word' id='word_1_110' title='bbox 690 1530 710 1596; x_wconf 91' lang='lat' dir='ltr'><strong>ii</strong></span> <span class='ocrx_word' id='word_1_111' title='bbox 735 1531 872 1596; x_wconf 90' lang='lat' dir='ltr'><strong>subsunt</strong></span> <span class='ocrx_word' id='word_1_112' title='bbox 897 1529 1141 1618; x_wconf 86' lang='lat' dir='ltr'><strong>impedimentis</strong></span> <span class='ocrx_word' id='word_1_113' title='bbox 1174 1529 1271 1596; x_wconf 88' lang='lat' dir='ltr'><strong>etiam</strong></span> <span class='ocrx_word' id='word_1_114' title='bbox 1296 1532 1365 1597; x_wconf 91' lang='lat' dir='ltr'><strong>iure</strong></span> <span class='ocrx_word' id='word_1_115' title='bbox 1391 1531 1508 1596; x_wconf 87' lang='lat' dir='ltr'><strong>eccle--</strong></span> 
     </span>
     <span class='ocr_line' id='line_1_14' title="bbox 145 1635 1497 1723; baseline 0.004 -25"><span class='ocrx_word' id='word_1_116' title='bbox 145 1636 278 1702; x_wconf 86' lang='lat' dir='ltr'><strong>siastioo</strong></span> <span class='ocrx_word' id='word_1_117' title='bbox 302 1635 547 1720; x_wconf 81' lang='lat' dir='ltr'><strong>dirimentibus,</strong></span> <span class='ocrx_word' id='word_1_118' title='bbox 566 1647 704 1723; x_wconf 81' lang='lat' dir='ltr'><strong>excepta</strong></span> <span class='ocrx_word' id='word_1_119' title='bbox 720 1635 995 1719; x_wconf 86' lang='lat' dir='ltr'><strong>clan&#39;destinitate,</strong></span> <span class='ocrx_word' id='word_1_120' title='bbox 1013 1654 1096 1720; x_wconf 90' lang='lat' dir='ltr'><strong>quae</strong></span> <span class='ocrx_word' id='word_1_121' title='bbox 1113 1635 1207 1702; x_wconf 89' lang='lat' dir='ltr'><strong>isthic</strong></span> <span class='ocrx_word' id='word_1_122' title='bbox 1231 1654 1297 1702; x_wconf 91' lang='lat' dir='ltr'><strong>non</strong></span> <span class='ocrx_word' id='word_1_123' title='bbox 1321 1637 1421 1722; x_wconf 88' lang='lat' dir='ltr'><strong>riget.</strong></span> <span class='ocrx_word' id='word_1_124' title='bbox 1438 1637 1497 1716; x_wconf 87' lang='lat' dir='ltr'><strong>Qui</strong></span> 
     </span>
     <span class='ocr_line' id='line_1_15' title="bbox 147 1741 1496 1829; baseline 0.001 -24"><span class='ocrx_word' id='word_1_125' title='bbox 147 1741 274 1808; x_wconf 90' lang='lat' dir='ltr'><strong>idcirco</strong></span> <span class='ocrx_word' id='word_1_126' title='bbox 297 1743 323 1807; x_wconf 91' lang='lat' dir='ltr'><strong>si</strong></span> <span class='ocrx_word' id='word_1_127' title='bbox 346 1743 434 1808; x_wconf 91' lang='lat' dir='ltr'><strong>inter</strong></span> <span class='ocrx_word' id='word_1_128' title='bbox 456 1762 490 1808; x_wconf 91' lang='lat' dir='ltr'><strong>se</strong></span> <span class='ocrx_word' id='word_1_129' title='bbox 515 1742 717 1808; x_wconf 92' lang='lat' dir='ltr'><strong>matrimonia</strong></span> <span class='ocrx_word' id='word_1_130' title='bbox 741 1742 888 1825; x_wconf 91' lang='lat' dir='ltr'><strong>inierint,</strong></span> <span class='ocrx_word' id='word_1_131' title='bbox 915 1752 947 1807; x_wconf 89' lang='lat' dir='ltr'><strong>et</strong></span> <span class='ocrx_word' id='word_1_132' title='bbox 972 1742 1064 1808; x_wconf 92' lang='lat' dir='ltr'><strong>nullo</strong></span> <span class='ocrx_word' id='word_1_133' title='bbox 1082 1742 1143 1808; x_wconf 89' lang='lat' dir='ltr'><strong>alio</strong></span> <span class='ocrx_word' id='word_1_134' title='bbox 1166 1741 1402 1829; x_wconf 90' lang='lat' dir='ltr'><strong>impedimento</strong></span> <span class='ocrx_word' id='word_1_135' title='bbox 1420 1743 1496 1809; x_wconf 90' lang='lat' dir='ltr'><strong>diri-</strong></span> 
     </span>
     <span class='ocr_line' id='line_1_16' title="bbox 149 1850 1498 1936; baseline -0.001 -19"><span class='ocrx_word' id='word_1_136' title='bbox 149 1861 263 1918; x_wconf 87' lang='lat' dir='ltr'><strong>mente</strong></span> <span class='ocrx_word' id='word_1_137' title='bbox 288 1851 377 1936; x_wconf 90' lang='lat' dir='ltr'><strong>ligati</strong></span> <span class='ocrx_word' id='word_1_138' title='bbox 403 1852 538 1935; x_wconf 87' lang='lat' dir='ltr'><strong>luerint,</strong></span> <span class='ocrx_word' id='word_1_139' title='bbox 564 1869 678 1917; x_wconf 89' lang='lat' dir='ltr'><strong>eorum</strong></span> <span class='ocrx_word' id='word_1_140' title='bbox 702 1851 946 1916; x_wconf 86' lang='lat' dir='ltr'><strong>matrimonium</strong></span> <span class='ocrx_word' id='word_1_141' title='bbox 973 1850 1115 1916; x_wconf 89' lang='lat' dir='ltr'><strong>validum</strong></span> <span class='ocrx_word' id='word_1_142' title='bbox 1140 1851 1341 1917; x_wconf 89' lang='lat' dir='ltr'><strong>censendum</strong></span> <span class='ocrx_word' id='word_1_143' title='bbox 1363 1851 1498 1916; x_wconf 89' lang='lat' dir='ltr'><strong>erit.-</strong></span> 
     </span>
     <span class='ocr_line' id='line_1_17' title="bbox 149 1957 1497 2045; baseline -0.001 -19"><span class='ocrx_word' id='word_1_144' title='bbox 149 1965 191 2026; x_wconf 82' lang='lat' dir='ltr'><strong>nt</strong></span> <span class='ocrx_word' id='word_1_145' title='bbox 215 1959 286 2026; x_wconf 90' lang='lat' dir='ltr'><strong>lieri</strong></span> <span class='ocrx_word' id='word_1_146' title='bbox 311 1971 421 2044; x_wconf 91' lang='lat' dir='ltr'><strong>potest</strong></span> <span class='ocrx_word' id='word_1_147' title='bbox 445 1969 481 2025; x_wconf 90' lang='lat' dir='ltr'><strong>ut</strong></span> <span class='ocrx_word' id='word_1_148' title='bbox 505 1979 566 2025; x_wconf 92' lang='lat' dir='ltr'><strong>una</strong></span> <span class='ocrx_word' id='word_1_149' title='bbox 591 1977 664 2045; x_wconf 92' lang='lat' dir='ltr'><strong>pars</strong></span> <span class='ocrx_word' id='word_1_150' title='bbox 687 1957 796 2024; x_wconf 89' lang='lat' dir='ltr'><strong>valide</strong></span> <span class='ocrx_word' id='word_1_151' title='bbox 820 1967 874 2023; x_wconf 91' lang='lat' dir='ltr'><strong>aut</strong></span> <span class='ocrx_word' id='word_1_152' title='bbox 899 1957 1012 2040; x_wconf 92' lang='lat' dir='ltr'><strong>dubie,</strong></span> <span class='ocrx_word' id='word_1_153' title='bbox 1039 1957 1140 2024; x_wconf 92' lang='lat' dir='ltr'><strong>altera</strong></span> <span class='ocrx_word' id='word_1_154' title='bbox 1165 1976 1243 2023; x_wconf 89' lang='lat' dir='ltr'><strong>vero</strong></span> <span class='ocrx_word' id='word_1_155' title='bbox 1277 1957 1419 2023; x_wconf 89' lang='lat' dir='ltr'><strong>invalide</strong></span> <span class='ocrx_word' id='word_1_156' title='bbox 1444 1959 1497 2024; x_wconf 92' lang='lat' dir='ltr'><strong>ba-</strong></span> 
     </span>
     <span class='ocr_line' id='line_1_18' title="bbox 149 2063 1497 2154; baseline -0.001 -22"><span class='ocrx_word' id='word_1_157' title='bbox 149 2067 270 2154; x_wconf 83' lang='lat' dir='ltr'><strong>ptizata</strong></span> <span class='ocrx_word' id='word_1_158' title='bbox 295 2066 484 2132; x_wconf 83' lang='lat' dir='ltr'><strong>lueritlloc</strong></span> <span class='ocrx_word' id='word_1_159' title='bbox 507 2066 541 2132; x_wconf 95' lang='lat' dir='ltr'><strong>in</strong></span> <span class='ocrx_word' id='word_1_160' title='bbox 565 2085 639 2131; x_wconf 87' lang='lat' dir='ltr'><strong>casu</strong></span> <span class='ocrx_word' id='word_1_161' title='bbox 664 2083 779 2130; x_wconf 91' lang='lat' dir='ltr'><strong>eorum</strong></span> <span class='ocrx_word' id='word_1_162' title='bbox 804 2064 1045 2130; x_wconf 90' lang='lat' dir='ltr'><strong>matrimonium</strong></span> <span class='ocrx_word' id='word_1_163' title='bbox 1075 2063 1204 2131; x_wconf 93' lang='lat' dir='ltr'><strong>nullum</strong></span> <span class='ocrx_word' id='word_1_164' title='bbox 1235 2063 1298 2130; x_wconf 90' lang='lat' dir='ltr'><strong>erit</strong></span> <span class='ocrx_word' id='word_1_165' title='bbox 1322 2064 1363 2131; x_wconf 94' lang='lat' dir='ltr'><strong>ob</strong></span> <span class='ocrx_word' id='word_1_166' title='bbox 1389 2064 1497 2131; x_wconf 92' lang='lat' dir='ltr'><strong>cultus</strong></span> 
     </span>
     <span class='ocr_line' id='line_1_19' title="bbox 147 2168 1499 2259; baseline -0.001 -20"><span class='ocrx_word' id='word_1_167' title='bbox 147 2173 385 2259; x_wconf 85' lang='lat' dir='ltr'><strong>disparitatem.</strong></span> <span class='ocrx_word' id='word_1_168' title='bbox 416 2171 548 2250; x_wconf 85' lang='lat' dir='ltr'><strong>Quando</strong></span> <span class='ocrx_word' id='word_1_169' title='bbox 579 2182 687 2236; x_wconf 91' lang='lat' dir='ltr'><strong>autem</strong></span> <span class='ocrx_word' id='word_1_170' title='bbox 718 2170 921 2236; x_wconf 89' lang='lat' dir='ltr'><strong>matrimonia</strong></span> <span class='ocrx_word' id='word_1_171' title='bbox 945 2168 1084 2240; x_wconf 90' lang='lat' dir='ltr'><strong>invalida</strong></span> <span class='ocrx_word' id='word_1_172' title='bbox 1111 2190 1175 2237; x_wconf 92' lang='lat' dir='ltr'><strong>non</strong></span> <span class='ocrx_word' id='word_1_173' title='bbox 1206 2171 1499 2257; x_wconf 88' lang='lat' dir='ltr'><strong>deprehendantur</strong></span> 
     </span>
     <span class='ocr_line' id='line_1_20' title="bbox 146 2275 1497 2364; baseline 0 -20"><span class='ocrx_word' id='word_1_174' title='bbox 146 2280 191 2345; x_wconf 89' lang='lat' dir='ltr'><strong>ob</strong></span> <span class='ocrx_word' id='word_1_175' title='bbox 222 2277 445 2363; x_wconf 84' lang='lat' dir='ltr'><strong>disparitatem</strong></span> <span class='ocrx_word' id='word_1_176' title='bbox 476 2279 596 2362; x_wconf 92' lang='lat' dir='ltr'><strong>cultus,</strong></span> <span class='ocrx_word' id='word_1_177' title='bbox 626 2275 717 2342; x_wconf 92' lang='lat' dir='ltr'><strong>locus</strong></span> <span class='ocrx_word' id='word_1_178' title='bbox 749 2276 812 2342; x_wconf 89' lang='lat' dir='ltr'><strong>erit</strong></span> <span class='ocrx_word' id='word_1_179' title='bbox 843 2277 1085 2362; x_wconf 82' lang='lat' dir='ltr'><strong>investigationi</strong></span> <span class='ocrx_word' id='word_1_180' title='bbox 1113 2276 1249 2342; x_wconf 87' lang='lat' dir='ltr'><strong>aliorum</strong></span> <span class='ocrx_word' id='word_1_181' title='bbox 1278 2276 1497 2364; x_wconf 88' lang='lat' dir='ltr'><strong>impedimen-</strong></span> 
     </span>
     <span class='ocr_line' id='line_1_21' title="bbox 147 2381 1497 2470; baseline -0.001 -20"><span class='ocrx_word' id='word_1_182' title='bbox 147 2397 274 2470; x_wconf 85' lang='lat' dir='ltr'><strong>torum,</strong></span> <span class='ocrx_word' id='word_1_183' title='bbox 300 2384 416 2470; x_wconf 90' lang='lat' dir='ltr'><strong>quibus</strong></span> <span class='ocrx_word' id='word_1_184' title='bbox 440 2383 669 2450; x_wconf 89' lang='lat' dir='ltr'><strong>contrahentes</strong></span> <span class='ocrx_word' id='word_1_185' title='bbox 694 2383 827 2448; x_wconf 90' lang='lat' dir='ltr'><strong>lortasse</strong></span> <span class='ocrx_word' id='word_1_186' title='bbox 851 2381 1097 2465; x_wconf 90' lang='lat' dir='ltr'><strong>detinebantur,</strong></span> <span class='ocrx_word' id='word_1_187' title='bbox 1124 2393 1157 2446; x_wconf 86' lang='lat' dir='ltr'><strong>et</strong></span> <span class='ocrx_word' id='word_1_188' title='bbox 1180 2382 1497 2467; x_wconf 78' lang='lat' dir='ltr'><strong>praesertim&#39;affini-</strong></span> 
     </span>
    </p>
   </div>
   <div class='ocr_carea' id='block_1_3' title="bbox 148 2485 1615 2577">
    <p class='ocr_par' dir='ltr' id='par_1_4' title="bbox 148 2485 1615 2577">
     <span class='ocr_line' id='line_1_22' title="bbox 148 2485 1615 2577; baseline 0.001 -21"><span class='ocrx_word' id='word_1_189' title='bbox 148 2491 223 2558; x_wconf 89' lang='lat' dir='ltr'><strong>tatis</strong></span> <span class='ocrx_word' id='word_1_190' title='bbox 248 2511 331 2577; x_wconf 90' lang='lat' dir='ltr'><strong>quae</strong></span> <span class='ocrx_word' id='word_1_191' title='bbox 356 2488 507 2556; x_wconf 87' lang='lat' dir='ltr'><strong>lucillime</strong></span> <span class='ocrx_word' id='word_1_192' title='bbox 531 2489 564 2554; x_wconf 92' lang='lat' dir='ltr'><strong>in</strong></span> <span class='ocrx_word' id='word_1_193' title='bbox 587 2501 763 2554; x_wconf 90' lang='lat' dir='ltr'><strong>memorata</strong></span> <span class='ocrx_word' id='word_1_194' title='bbox 788 2487 889 2554; x_wconf 91' lang='lat' dir='ltr'><strong>insula</strong></span> <span class='ocrx_word' id='word_1_195' title='bbox 914 2485 1061 2558; x_wconf 86' lang='lat' dir='ltr'><strong>contrahi</strong></span> <span class='ocrx_word' id='word_1_196' title='bbox 1094 2489 1205 2554; x_wconf 89' lang='lat' dir='ltr'><strong>relers.</strong></span> <span class='ocrx_word' id='word_1_197' title='bbox 1235 2492 1302 2556; x_wconf 88' lang='lat' dir='ltr'><strong>Nec</strong></span> <span class='ocrx_word' id='word_1_198' title='bbox 1334 2489 1496 2557; x_wconf 87' lang='lat' dir='ltr'><strong>deterreri</strong></span> <span class='ocrx_word' id='word_1_199' title='bbox 1613 2569 1615 2574; x_wconf 23' lang='lat'><strong>¹</strong></span> 
     </span>
    </p>
   </div>
   <div class='ocr_carea' id='block_1_4' title="bbox 146 2593 1496 2896">
    <p class='ocr_par' dir='ltr' id='par_1_5' title="bbox 146 2593 1496 2896">
     <span class='ocr_line' id='line_1_23' title="bbox 147 2593 1496 2682; baseline 0 -20"><span class='ocrx_word' id='word_1_200' title='bbox 147 2617 185 2662; x_wconf 90' lang='lat' dir='ltr'><strong>se</strong></span> <span class='ocrx_word' id='word_1_201' title='bbox 209 2600 249 2664; x_wconf 93' lang='lat' dir='ltr'><strong>ab</strong></span> <span class='ocrx_word' id='word_1_202' title='bbox 273 2595 460 2663; x_wconf 88' lang='lat' dir='ltr'><strong>huiusmodi</strong></span> <span class='ocrx_word' id='word_1_203' title='bbox 484 2595 732 2682; x_wconf 80' lang='lat' dir='ltr'><strong>investigatione</strong></span> <span class='ocrx_word' id='word_1_204' title='bbox 757 2593 947 2660; x_wconf 90' lang='lat' dir='ltr'><strong>missionarii</strong></span> <span class='ocrx_word' id='word_1_205' title='bbox 973 2594 1067 2660; x_wconf 91' lang='lat' dir='ltr'><strong>lacile</strong></span> <span class='ocrx_word' id='word_1_206' title='bbox 1092 2595 1219 2660; x_wconf 84' lang='lat' dir='ltr'><strong>sinant:</strong></span> <span class='ocrx_word' id='word_1_207' title='bbox 1253 2614 1326 2662; x_wconf 89' lang='lat' dir='ltr'><strong>nam</strong></span> <span class='ocrx_word' id='word_1_208' title='bbox 1351 2597 1496 2664; x_wconf 91' lang='lat' dir='ltr'><strong>studiose</strong></span> 
     </span>
     <span class='ocr_line' id='line_1_24' title="bbox 146 2699 1495 2792; baseline -0.001 -21"><span class='ocrx_word' id='word_1_209' title='bbox 146 2705 287 2790; x_wconf 88' lang='lat' dir='ltr'><strong>quidem</strong></span> <span class='ocrx_word' id='word_1_210' title='bbox 312 2721 349 2768; x_wconf 87' lang='lat' dir='ltr'><strong>ea</strong></span> <span class='ocrx_word' id='word_1_211' title='bbox 371 2703 558 2790; x_wconf 89' lang='lat' dir='ltr'><strong>peragenda</strong></span> <span class='ocrx_word' id='word_1_212' title='bbox 576 2704 650 2785; x_wconf 90' lang='lat' dir='ltr'><strong>erit,</strong></span> <span class='ocrx_word' id='word_1_213' title='bbox 666 2701 725 2768; x_wconf 91' lang='lat' dir='ltr'><strong>sed</strong></span> <span class='ocrx_word' id='word_1_214' title='bbox 741 2699 838 2768; x_wconf 90' lang='lat' dir='ltr'><strong>simul</strong></span> <span class='ocrx_word' id='word_1_215' title='bbox 857 2712 950 2769; x_wconf 91' lang='lat' dir='ltr'><strong>caute</strong></span> <span class='ocrx_word' id='word_1_216' title='bbox 975 2701 1240 2792; x_wconf 82' lang='lat' dir='ltr'><strong>prudenterque,</strong></span> <span class='ocrx_word' id='word_1_217' title='bbox 1260 2715 1293 2768; x_wconf 88' lang='lat' dir='ltr'><strong>et</strong></span> <span class='ocrx_word' id='word_1_218' title='bbox 1309 2714 1495 2788; x_wconf 91' lang='lat' dir='ltr'><strong>opportune</strong></span> 
     </span>
     <span class='ocr_line' id='line_1_25' title="bbox 149 2807 1496 2896; baseline -0.002 -18"><span class='ocrx_word' id='word_1_219' title='bbox 149 2810 283 2878; x_wconf 91' lang='lat' dir='ltr'><strong>monitis</strong></span> <span class='ocrx_word' id='word_1_220' title='bbox 299 2810 350 2886; x_wconf 88' lang='lat' dir='ltr'><strong>iis,</strong></span> <span class='ocrx_word' id='word_1_221' title='bbox 368 2829 509 2895; x_wconf 93' lang='lat' dir='ltr'><strong>qnorum</strong></span> <span class='ocrx_word' id='word_1_222' title='bbox 534 2811 682 2892; x_wconf 88' lang='lat' dir='ltr'><strong>interest,</strong></span> <span class='ocrx_word' id='word_1_223' title='bbox 709 2827 780 2874; x_wconf 90' lang='lat' dir='ltr'><strong>eam</strong></span> <span class='ocrx_word' id='word_1_224' title='bbox 802 2807 1066 2890; x_wconf 87' lang='lat' dir='ltr'><strong>secretissimam,</strong></span> <span class='ocrx_word' id='word_1_225' title='bbox 1091 2808 1169 2896; x_wconf 90' lang='lat' dir='ltr'><strong>ipsis</strong></span> <span class='ocrx_word' id='word_1_226' title='bbox 1200 2819 1308 2875; x_wconf 90' lang='lat' dir='ltr'><strong>autem</strong></span> <span class='ocrx_word' id='word_1_227' title='bbox 1332 2809 1414 2875; x_wconf 91' lang='lat' dir='ltr'><strong>nulli</strong></span> <span class='ocrx_word' id='word_1_228' title='bbox 1439 2809 1496 2875; x_wconf 92' lang='lat' dir='ltr'><strong>de-</strong></span> 
     </span>
    </p>
   </div>
   <div class='ocr_carea' id='block_1_5' title="bbox 148 2914 1598 3002">
    <p class='ocr_par' dir='ltr' id='par_1_6' title="bbox 148 2914 1598 3002">
     <span class='ocr_line' id='line_1_26' title="bbox 148 2914 1598 3002; baseline -0.001 -19"><span class='ocrx_word' id='word_1_229' title='bbox 148 2917 320 3001; x_wconf 88' lang='lat' dir='ltr'><strong>trimento,</strong></span> <span class='ocrx_word' id='word_1_230' title='bbox 345 2917 410 2980; x_wconf 90' lang='lat' dir='ltr'><strong>imo</strong></span> <span class='ocrx_word' id='word_1_231' title='bbox 434 2934 551 3002; x_wconf 89' lang='lat' dir='ltr'><strong>magno</strong></span> <span class='ocrx_word' id='word_1_232' title='bbox 576 2916 746 2982; x_wconf 91' lang='lat' dir='ltr'><strong>commodo</strong></span> <span class='ocrx_word' id='word_1_233' title='bbox 776 2915 940 2980; x_wconf 88' lang='lat' dir='ltr'><strong>loturam:</strong></span> <span class='ocrx_word' id='word_1_234' title='bbox 975 2925 1044 2980; x_wconf 93' lang='lat' dir='ltr'><strong>tum</strong></span> <span class='ocrx_word' id='word_1_235' title='bbox 1077 2914 1164 2998; x_wconf 91' lang='lat' dir='ltr'><strong>quia,</strong></span> <span class='ocrx_word' id='word_1_236' title='bbox 1197 2915 1347 3002; x_wconf 90' lang='lat' dir='ltr'><strong>propriae</strong></span> <span class='ocrx_word' id='word_1_237' title='bbox 1382 2932 1496 2982; x_wconf 87' lang='lat' dir='ltr'><strong>eornm</strong></span> <span class='ocrx_word' id='word_1_238' title='bbox 1594 2953 1598 2964; x_wconf 88' lang='lat'>·</span> 
     </span>
    </p>
   </div>
   <div class='ocr_carea' id='block_1_6' title="bbox 147 3019 1523 4602">
    <p class='ocr_par' dir='ltr' id='par_1_7' title="bbox 147 3019 1497 3319">
     <span class='ocr_line' id='line_1_27' title="bbox 147 3019 1497 3108; baseline 0 -20"><span class='ocrx_word' id='word_1_239' title='bbox 147 3022 369 3088; x_wconf 89' lang='lat' dir='ltr'><strong>conscientiae</strong></span> <span class='ocrx_word' id='word_1_240' title='bbox 393 3021 593 3103; x_wconf 91' lang='lat' dir='ltr'><strong>consuletur,</strong></span> <span class='ocrx_word' id='word_1_241' title='bbox 620 3032 689 3087; x_wconf 89' lang='lat' dir='ltr'><strong>torn</strong></span> <span class='ocrx_word' id='word_1_242' title='bbox 712 3019 800 3105; x_wconf 91' lang='lat' dir='ltr'><strong>quia,</strong></span> <span class='ocrx_word' id='word_1_243' title='bbox 819 3019 946 3086; x_wconf 90' lang='lat' dir='ltr'><strong>detecta</strong></span> <span class='ocrx_word' id='word_1_244' title='bbox 970 3019 1089 3106; x_wconf 92' lang='lat' dir='ltr'><strong>prioris</strong></span> <span class='ocrx_word' id='word_1_245' title='bbox 1114 3019 1257 3108; x_wconf 89' lang='lat' dir='ltr'><strong>coniugii</strong></span> <span class='ocrx_word' id='word_1_246' title='bbox 1281 3021 1445 3106; x_wconf 88' lang='lat' dir='ltr'><strong>nullitate,</strong></span> <span class='ocrx_word' id='word_1_247' title='bbox 1463 3021 1497 3088; x_wconf 95' lang='lat' dir='ltr'><strong>in</strong></span> 
     </span>
     <span class='ocr_line' id='line_1_28' title="bbox 148 3125 1496 3216; baseline 0.001 -22"><span class='ocrx_word' id='word_1_248' title='bbox 148 3148 188 3194; x_wconf 90' lang='lat' dir='ltr'><strong>ea</strong></span> <span class='ocrx_word' id='word_1_249' title='bbox 212 3129 245 3194; x_wconf 95' lang='lat' dir='ltr'><strong>in</strong></span> <span class='ocrx_word' id='word_1_250' title='bbox 269 3147 334 3214; x_wconf 88' lang='lat' dir='ltr'><strong>qua</strong></span> <span class='ocrx_word' id='word_1_251' title='bbox 355 3127 471 3193; x_wconf 86' lang='lat' dir='ltr'><strong>vivunt</strong></span> <span class='ocrx_word' id='word_1_252' title='bbox 494 3127 626 3204; x_wconf 86' lang='lat' dir='ltr'><strong>unione,</strong></span> <span class='ocrx_word' id='word_1_253' title='bbox 652 3125 803 3192; x_wconf 86' lang='lat' dir='ltr'><strong>adhibitis</strong></span> <span class='ocrx_word' id='word_1_254' title='bbox 829 3125 925 3191; x_wconf 91' lang='lat' dir='ltr'><strong>etiam</strong></span> <span class='ocrx_word' id='word_1_255' title='bbox 948 3127 1256 3213; x_wconf 87' lang='lat' dir='ltr'><strong>dispensationibus,</strong></span> <span class='ocrx_word' id='word_1_256' title='bbox 1272 3127 1390 3214; x_wconf 90' lang='lat' dir='ltr'><strong>quibus</strong></span> <span class='ocrx_word' id='word_1_257' title='bbox 1414 3147 1496 3216; x_wconf 91' lang='lat' dir='ltr'><strong>opus</strong></span> 
     </span>
     <span class='ocr_line' id='line_1_29' title="bbox 149 3231 775 3319; baseline -0.002 -20"><span class='ocrx_word' id='word_1_258' title='bbox 149 3233 265 3316; x_wconf 86' lang='lat' dir='ltr'><strong>luerit,</strong></span> <span class='ocrx_word' id='word_1_259' title='bbox 291 3252 505 3319; x_wconf 89' lang='lat' dir='ltr'><strong>perseverare</strong></span> <span class='ocrx_word' id='word_1_260' title='bbox 529 3231 775 3318; x_wconf 89' lang='lat' dir='ltr'><strong>permittentur.</strong></span> 
     </span>
    </p>

    <p class='ocr_par' dir='ltr' id='par_1_8' title="bbox 148 3337 1496 4387">
     <span class='ocr_line' id='line_1_30' title="bbox 242 3337 1495 3425; baseline -0.002 -19"><span class='ocrx_word' id='word_1_261' title='bbox 242 3346 290 3406; x_wconf 79' lang='lat' dir='ltr'><strong>Ex</strong></span> <span class='ocrx_word' id='word_1_262' title='bbox 314 3340 362 3406; x_wconf 92' lang='lat' dir='ltr'><strong>his</strong></span> <span class='ocrx_word' id='word_1_263' title='bbox 386 3339 522 3425; x_wconf 90' lang='lat' dir='ltr'><strong>colliges</strong></span> <span class='ocrx_word' id='word_1_264' title='bbox 546 3337 624 3424; x_wconf 92' lang='lat' dir='ltr'><strong>quid</strong></span> <span class='ocrx_word' id='word_1_265' title='bbox 648 3337 681 3403; x_wconf 92' lang='lat' dir='ltr'><strong>in</strong></span> <span class='ocrx_word' id='word_1_266' title='bbox 705 3337 841 3425; x_wconf 89' lang='lat' dir='ltr'><strong>singulis</strong></span> <span class='ocrx_word' id='word_1_267' title='bbox 866 3338 991 3405; x_wconf 86' lang='lat' dir='ltr'><strong>casibus</strong></span> <span class='ocrx_word' id='word_1_268' title='bbox 1016 3339 1181 3425; x_wconf 89' lang='lat' dir='ltr'><strong>agendum</strong></span> <span class='ocrx_word' id='word_1_269' title='bbox 1198 3337 1295 3406; x_wconf 82' lang='lat' dir='ltr'><strong>sitsi</strong></span> <span class='ocrx_word' id='word_1_270' title='bbox 1313 3337 1495 3404; x_wconf 90' lang='lat' dir='ltr'><strong>constiterit</strong></span> 
     </span>
     <span class='ocr_line' id='line_1_31' title="bbox 149 3445 1496 3536; baseline -0.004 -20"><span class='ocrx_word' id='word_1_271' title='bbox 149 3448 287 3536; x_wconf 89' lang='lat' dir='ltr'><strong>eosqui</strong></span> <span class='ocrx_word' id='word_1_272' title='bbox 312 3463 385 3514; x_wconf 87' lang='lat' dir='ltr'><strong>actu</strong></span> <span class='ocrx_word' id='word_1_273' title='bbox 409 3447 441 3512; x_wconf 95' lang='lat' dir='ltr'><strong>in</strong></span> <span class='ocrx_word' id='word_1_274' title='bbox 466 3446 569 3534; x_wconf 91' lang='lat' dir='ltr'><strong>putati</strong></span> <span class='ocrx_word' id='word_1_275' title='bbox 595 3445 789 3511; x_wconf 87' lang='lat' dir='ltr'><strong>matrimonii</strong></span> <span class='ocrx_word' id='word_1_276' title='bbox 813 3445 1017 3532; x_wconf 90' lang='lat' dir='ltr'><strong>possessione</strong></span> <span class='ocrx_word' id='word_1_277' title='bbox 1042 3445 1269 3533; x_wconf 90' lang='lat' dir='ltr'><strong>reperiuntur,</strong></span> <span class='ocrx_word' id='word_1_278' title='bbox 1295 3445 1386 3511; x_wconf 93' lang='lat' dir='ltr'><strong>iustis</strong></span> <span class='ocrx_word' id='word_1_279' title='bbox 1402 3464 1496 3531; x_wconf 91' lang='lat' dir='ltr'><strong>prae-</strong></span> 
     </span>
     <span class='ocr_line' id='line_1_32' title="bbox 148 3551 1494 3652; baseline -0.006 -28"><span class='ocrx_word' id='word_1_280' title='bbox 148 3555 344 3624; x_wconf 91' lang='lat' dir='ltr'><strong>cedentibus</strong></span> <span class='ocrx_word' id='word_1_281' title='bbox 378 3553 500 3640; x_wconf 91' lang='lat' dir='ltr'><strong>nuptiis</strong></span> <span class='ocrx_word' id='word_1_282' title='bbox 535 3571 606 3618; x_wconf 87' lang='lat' dir='ltr'><strong>esse</strong></span> <span class='ocrx_word' id='word_1_283' title='bbox 642 3553 770 3638; x_wconf 89' lang='lat' dir='ltr'><strong>ligatos,</strong></span> <span class='ocrx_word' id='word_1_284' title='bbox 798 3571 865 3618; x_wconf 92' lang='lat' dir='ltr'><strong>non</strong></span> <span class='ocrx_word' id='word_1_285' title='bbox 895 3564 1052 3639; x_wconf 90' lang='lat' dir='ltr'><strong>poterunt</strong></span> <span class='ocrx_word' id='word_1_286' title='bbox 1075 3552 1114 3652; x_wconf 79' lang='lat' dir='ltr'><strong>qd</strong></span> <span class='ocrx_word' id='word_1_287' title='bbox 1139 3552 1336 3639; x_wconf 91' lang='lat' dir='ltr'><strong>baptismum</strong></span> <span class='ocrx_word' id='word_1_288' title='bbox 1367 3551 1494 3618; x_wconf 87' lang='lat' dir='ltr'><strong>admitti</strong></span> 
     </span>
     <span class='ocr_line' id='line_1_33' title="bbox 148 3658 1495 3748; baseline -0.004 -18"><span class='ocrx_word' id='word_1_289' title='bbox 148 3664 211 3730; x_wconf 90' lang='lat' dir='ltr'><strong>nisi</strong></span> <span class='ocrx_word' id='word_1_290' title='bbox 235 3671 439 3748; x_wconf 89' lang='lat' dir='ltr'><strong>separentur.</strong></span> <span class='ocrx_word' id='word_1_291' title='bbox 464 3659 496 3726; x_wconf 88' lang='lat' dir='ltr'><strong>Si</strong></span> <span class='ocrx_word' id='word_1_292' title='bbox 521 3679 600 3726; x_wconf 88' lang='lat' dir='ltr'><strong>vero</strong></span> <span class='ocrx_word' id='word_1_293' title='bbox 624 3659 809 3726; x_wconf 88' lang='lat' dir='ltr'><strong>constiterit</strong></span> <span class='ocrx_word' id='word_1_294' title='bbox 824 3659 944 3746; x_wconf 87' lang='lat' dir='ltr'><strong>primas</strong></span> <span class='ocrx_word' id='word_1_295' title='bbox 961 3679 1075 3726; x_wconf 91' lang='lat' dir='ltr'><strong>eorum</strong></span> <span class='ocrx_word' id='word_1_296' title='bbox 1096 3659 1223 3746; x_wconf 87' lang='lat' dir='ltr'><strong>nuptias</strong></span> <span class='ocrx_word' id='word_1_297' title='bbox 1239 3678 1302 3745; x_wconf 89' lang='lat' dir='ltr'><strong>per</strong></span> <span class='ocrx_word' id='word_1_298' title='bbox 1316 3658 1495 3725; x_wconf 90' lang='lat' dir='ltr'><strong>divortium</strong></span> 
     </span>
     <span class='ocr_line' id='line_1_34' title="bbox 148 3763 1496 3853; baseline -0.005 -17"><span class='ocrx_word' id='word_1_299' title='bbox 148 3770 285 3853; x_wconf 90' lang='lat' dir='ltr'><strong>solutas,</strong></span> <span class='ocrx_word' id='word_1_300' title='bbox 312 3767 411 3834; x_wconf 84' lang='lat' dir='ltr'><strong>luisse</strong></span> <span class='ocrx_word' id='word_1_301' title='bbox 434 3766 550 3850; x_wconf 89' lang='lat' dir='ltr'><strong>nullas,</strong></span> <span class='ocrx_word' id='word_1_302' title='bbox 575 3765 614 3832; x_wconf 89' lang='lat' dir='ltr'><strong>ad</strong></span> <span class='ocrx_word' id='word_1_303' title='bbox 638 3765 836 3851; x_wconf 90' lang='lat' dir='ltr'><strong>baptismum</strong></span> <span class='ocrx_word' id='word_1_304' title='bbox 861 3765 1087 3850; x_wconf 87' lang='lat' dir='ltr'><strong>admittantur,</strong></span> <span class='ocrx_word' id='word_1_305' title='bbox 1113 3765 1174 3832; x_wconf 93' lang='lat' dir='ltr'><strong>nisi</strong></span> <span class='ocrx_word' id='word_1_306' title='bbox 1198 3765 1281 3830; x_wconf 84' lang='lat' dir='ltr'><strong>forte</strong></span> <span class='ocrx_word' id='word_1_307' title='bbox 1306 3764 1367 3830; x_wconf 90' lang='lat' dir='ltr'><strong>alio</strong></span> <span class='ocrx_word' id='word_1_308' title='bbox 1392 3763 1496 3851; x_wconf 90' lang='lat' dir='ltr'><strong>impe·</strong></span> 
     </span>
     <span class='ocr_line' id='line_1_35' title="bbox 150 3869 1496 3959; baseline -0.005 -18"><span class='ocrx_word' id='word_1_309' title='bbox 150 3875 299 3942; x_wconf 91' lang='lat' dir='ltr'><strong>dimento</strong></span> <span class='ocrx_word' id='word_1_310' title='bbox 323 3873 499 3938; x_wconf 89' lang='lat' dir='ltr'><strong>dirimente</strong></span> <span class='ocrx_word' id='word_1_311' title='bbox 524 3871 669 3938; x_wconf 89' lang='lat' dir='ltr'><strong>obstricti</strong></span> <span class='ocrx_word' id='word_1_312' title='bbox 693 3871 780 3959; x_wconf 78' lang='lat' dir='ltr'><strong>sint,</strong></span> <span class='ocrx_word' id='word_1_313' title='bbox 807 3891 871 3957; x_wconf 91' lang='lat' dir='ltr'><strong>quo</strong></span> <span class='ocrx_word' id='word_1_314' title='bbox 896 3872 928 3937; x_wconf 92' lang='lat' dir='ltr'><strong>in</strong></span> <span class='ocrx_word' id='word_1_315' title='bbox 952 3891 1041 3957; x_wconf 92' lang='lat' dir='ltr'><strong>casu,</strong></span> <span class='ocrx_word' id='word_1_316' title='bbox 1059 3871 1085 3936; x_wconf 93' lang='lat' dir='ltr'><strong>si</strong></span> <span class='ocrx_word' id='word_1_317' title='bbox 1103 3869 1376 3957; x_wconf 89' lang='lat' dir='ltr'><strong>impedimentum</strong></span> <span class='ocrx_word' id='word_1_318' title='bbox 1395 3869 1436 3933; x_wconf 87' lang='lat' dir='ltr'><strong>sit</strong></span> <span class='ocrx_word' id='word_1_319' title='bbox 1453 3887 1496 3934; x_wconf 86' lang='lat' dir='ltr'><strong>ex</strong></span> 
     </span>
     <span class='ocr_line' id='line_1_36' title="bbox 150 3975 1495 4066; baseline -0.006 -18"><span class='ocrx_word' id='word_1_320' title='bbox 150 3981 202 4065; x_wconf 93' lang='lat' dir='ltr'><strong>iis,</strong></span> <span class='ocrx_word' id='word_1_321' title='bbox 227 4001 328 4066; x_wconf 89' lang='lat' dir='ltr'><strong>super</strong></span> <span class='ocrx_word' id='word_1_322' title='bbox 352 3979 470 4064; x_wconf 92' lang='lat' dir='ltr'><strong>quibus</strong></span> <span class='ocrx_word' id='word_1_323' title='bbox 494 3978 638 4044; x_wconf 83' lang='lat' dir='ltr'><strong>Ecclesia</strong></span> <span class='ocrx_word' id='word_1_324' title='bbox 663 3980 850 4065; x_wconf 89' lang='lat' dir='ltr'><strong>dispensare</strong></span> <span class='ocrx_word' id='word_1_325' title='bbox 866 3981 963 4062; x_wconf 89' lang='lat' dir='ltr'><strong>solet,</strong></span> <span class='ocrx_word' id='word_1_326' title='bbox 982 3979 1112 4066; x_wconf 87' lang='lat' dir='ltr'><strong>praevia</strong></span> <span class='ocrx_word' id='word_1_327' title='bbox 1132 3975 1386 4064; x_wconf 88' lang='lat' dir='ltr'><strong>dispensatione,</strong></span> <span class='ocrx_word' id='word_1_328' title='bbox 1404 3975 1495 4042; x_wconf 88' lang='lat' dir='ltr'><strong>cuius</strong></span> 
     </span>
     <span class='ocr_line' id='line_1_37' title="bbox 150 4083 1495 4176; baseline -0.004 -24"><span class='ocrx_word' id='word_1_329' title='bbox 150 4085 406 4176; x_wconf 86' lang='lat' dir='ltr'><strong>impertiendae,</strong></span> <span class='ocrx_word' id='word_1_330' title='bbox 431 4085 546 4152; x_wconf 87' lang='lat' dir='ltr'><strong>barum</strong></span> <span class='ocrx_word' id='word_1_331' title='bbox 577 4084 744 4152; x_wconf 89' lang='lat' dir='ltr'><strong>literarum</strong></span> <span class='ocrx_word' id='word_1_332' title='bbox 773 4085 886 4172; x_wconf 88' lang='lat' dir='ltr'><strong>vigore</strong></span> <span class='ocrx_word' id='word_1_333' title='bbox 916 4086 1116 4152; x_wconf 86' lang='lat' dir='ltr'><strong>necessariae</strong></span> <span class='ocrx_word' id='word_1_334' title='bbox 1140 4083 1209 4150; x_wconf 79' lang='lat' dir='ltr'><strong>&#39;libi</strong></span> <span class='ocrx_word' id='word_1_335' title='bbox 1234 4093 1267 4148; x_wconf 91' lang='lat' dir='ltr'><strong>et</strong></span> <span class='ocrx_word' id='word_1_336' title='bbox 1292 4091 1495 4168; x_wconf 89' lang='lat' dir='ltr'><strong>opportunae</strong></span> 
     </span>
     <span class='ocr_line' id='line_1_38' title="bbox 150 4187 1496 4275; baseline -0.006 -15"><span class='ocrx_word' id='word_1_337' title='bbox 150 4195 319 4262; x_wconf 87' lang='lat' dir='ltr'><strong>lacultates</strong></span> <span class='ocrx_word' id='word_1_338' title='bbox 344 4191 584 4275; x_wconf 89' lang='lat' dir='ltr'><strong>conceduntur,</strong></span> <span class='ocrx_word' id='word_1_339' title='bbox 610 4203 643 4258; x_wconf 92' lang='lat' dir='ltr'><strong>et</strong></span> <span class='ocrx_word' id='word_1_340' title='bbox 667 4203 822 4258; x_wconf 91' lang='lat' dir='ltr'><strong>renovato</strong></span> <span class='ocrx_word' id='word_1_341' title='bbox 845 4212 1018 4274; x_wconf 89' lang='lat' dir='ltr'><strong>consensu,</strong></span> <span class='ocrx_word' id='word_1_342' title='bbox 1045 4192 1076 4257; x_wconf 94' lang='lat' dir='ltr'><strong>in</strong></span> <span class='ocrx_word' id='word_1_343' title='bbox 1104 4190 1219 4257; x_wconf 91' lang='lat' dir='ltr'><strong>eadem</strong></span> <span class='ocrx_word' id='word_1_344' title='bbox 1251 4189 1371 4256; x_wconf 91' lang='lat' dir='ltr'><strong>unione</strong></span> <span class='ocrx_word' id='word_1_345' title='bbox 1396 4187 1496 4253; x_wconf 90' lang='lat' dir='ltr'><strong>relin-</strong></span> 
     </span>
     <span class='ocr_line' id='line_1_39' title="bbox 150 4313 304 4387; baseline -0.032 -20"><span class='ocrx_word' id='word_1_346' title='bbox 150 4313 304 4387; x_wconf 89' lang='lat' dir='ltr'><strong>quantor.</strong></span> 
     </span>
    </p>

    <p class='ocr_par' dir='ltr' id='par_1_9' title="bbox 152 4400 1523 4602">
     <span class='ocr_line' id='line_1_40' title="bbox 238 4400 1523 4494; baseline -0.008 -21"><span class='ocrx_word' id='word_1_347' title='bbox 238 4407 331 4486; x_wconf 84' lang='lat' dir='ltr'><strong>Qnod</strong></span> <span class='ocrx_word' id='word_1_348' title='bbox 350 4405 389 4489; x_wconf 91' lang='lat' dir='ltr'><strong>si,</strong></span> <span class='ocrx_word' id='word_1_349' title='bbox 408 4405 552 4472; x_wconf 91' lang='lat' dir='ltr'><strong>instituta</strong></span> <span class='ocrx_word' id='word_1_350' title='bbox 577 4405 729 4494; x_wconf 91' lang='lat' dir='ltr'><strong>diligenti</strong></span> <span class='ocrx_word' id='word_1_351' title='bbox 753 4406 1017 4494; x_wconf 88' lang='lat' dir='ltr'><strong>investigatione,</strong></span> <span class='ocrx_word' id='word_1_352' title='bbox 1044 4404 1180 4472; x_wconf 92' lang='lat' dir='ltr'><strong>dubium</strong></span> <span class='ocrx_word' id='word_1_353' title='bbox 1205 4403 1310 4469; x_wconf 89' lang='lat' dir='ltr'><strong>adhuc</strong></span> <span class='ocrx_word' id='word_1_354' title='bbox 1327 4401 1368 4467; x_wconf 92' lang='lat' dir='ltr'><strong>de</strong></span> <span class='ocrx_word' id='word_1_355' title='bbox 1385 4400 1495 4466; x_wconf 91' lang='lat' dir='ltr'><strong>valore</strong></span> <span class='ocrx_word' id='word_1_356' title='bbox 1521 4413 1523 4417; x_wconf 79' lang='grc'>’</span> 
     </span>
     <span class='ocr_line' id='line_1_41' title="bbox 152 4506 1496 4602; baseline -0.01 -20"><span class='ocrx_word' id='word_1_357' title='bbox 152 4516 298 4602; x_wconf 91' lang='lat' dir='ltr'><strong>priorum</strong></span> <span class='ocrx_word' id='word_1_358' title='bbox 324 4514 513 4600; x_wconf 90' lang='lat' dir='ltr'><strong>nuptiarum</strong></span> <span class='ocrx_word' id='word_1_359' title='bbox 541 4523 748 4601; x_wconf 89' lang='lat' dir='ltr'><strong>perseveret,</strong></span> <span class='ocrx_word' id='word_1_360' title='bbox 773 4533 832 4580; x_wconf 94' lang='lat' dir='ltr'><strong>nec</strong></span> <span class='ocrx_word' id='word_1_361' title='bbox 857 4513 939 4580; x_wconf 93' lang='lat' dir='ltr'><strong>dilui</strong></span> <span class='ocrx_word' id='word_1_362' title='bbox 968 4512 1082 4600; x_wconf 89' lang='lat' dir='ltr'><strong>possit,</strong></span> <span class='ocrx_word' id='word_1_363' title='bbox 1109 4523 1199 4594; x_wconf 91' lang='lat' dir='ltr'><strong>tunc,</strong></span> <span class='ocrx_word' id='word_1_364' title='bbox 1226 4507 1404 4577; x_wconf 92' lang='lat' dir='ltr'><strong>dummodo</strong></span> <span class='ocrx_word' id='word_1_365' title='bbox 1436 4506 1496 4571; x_wconf 88' lang='lat' dir='ltr'><strong>alia</strong></span> 
     </span>
    </p>
   </div>
   <div class='ocr_carea' id='block_1_7' title="bbox 0 0 1843 5264">
    <p class='ocr_par' dir='ltr' id='par_1_10' title="bbox 0 0 1843 5264">
     <span class='ocr_line' id='line_1_42' title="bbox 0 0 1843 5264; baseline 0 0"><span class='ocrx_word' id='word_1_366' title='bbox 0 0 1843 5264; x_wconf 95' lang='lat' dir='ltr'><strong> </strong></span> 
     </span>
    </p>
   </div>
  </div>
 </body>
</html>
