3694 5230
711 367 920 416 cnusnnoen.
1425 351 1485 414 227

131 467 312 545 Dedecus
340 468 585 546 existimabat
614 469 775 544 sortasse
804 469 942 546 mulier
979 471 1075 572 quod
1104 470 1353 571 evulgaretur
1381 494 1490 544 mon-

136 589 348 672 struositas
376 589 543 693 corporis
562 589 636 665 sui.
668 588 740 668 Sed
759 589 974 666 huiusmodi
998 591 1216 668 coniectura
1234 589 1383 666 minimi
1407 589 1491 665 exi-

133 709 292 786 stimari
321 709 488 787 videtur.
524 710 671 814 Sponsa
697 713 871 787 maturae
898 711 1039 788 aetatis
1067 715 1151 787 erat
1179 709 1326 813 quando
1354 711 1511 786 matri-¹

140 829 314 906 monium
343 829 473 906 inivit.
505 827 654 909 Sciebat
681 854 791 906 suam
810 829 1172 924 conformationem,
1203 854 1297 932 quae
1320 829 1502 934 profecto

138 950 281 1026 marito
309 951 496 1028 innotesci
525 950 702 1044 debebat,
732 950 797 1052 qu'i
824 955 865 1026 et
892 949 1038 1028 factum
1065 949 1290 1053 evulgaret3
1332 954 1372 1026 et
1400 952 1488 1052 quia

140 1070 182 1147 in
209 1069 341 1148 Gallia
369 1069 432 1146 lex
466 1070 624 1146 divortii
641 1063 734 1147 'lata
770 1073 831 1146 est
865 1072 957 1147 bene
986 1074 1137 1174 poterat
1173 1070 1391 1174 praevidere
1428 1070 1490 1147 fu·
1583 1157 1585 1160 ,

138 1193 273 1267 turum
293 1190 503 1268 divortium
521 1193 662 1295 magna
689 1213 775 1268 cum
795 1191 854 1267 sui
873 1191 1273 1293 honoris‘ignominia.
1305 1188 1488 1267 Mulieres

132 1311 346 1390 defloratae
374 1312 407 1387 si
426 1337 502 1389 non
522 1311 662 1389 habent
682 1312 723 1388 in
742 1315 920 1414 promptu
949 1309 1128 1405 medium,
1160 1333 1232 1413 quo
1251 1311 1386 1394 fallere
1406 1335 1490 1414 pos-

140 1432 224 1510 sint
252 1457 433 1535 sponsum
460 1433 502 1510 in
530 1432 652 1535 primo
680 1431 896 1525 concubitu,
928 1429 1054 1508 solent
1081 1434 1173 1507 ante
1201 1431 1489 1508 matrimonium

140 1552 368 1656 praevenire
395 1556 604 1630 amatorem
636 1552 681 1628 de
709 1551 954 1628 defloratione
991 1551 1214 1628 exhibentes
1242 1551 1395 1628 solitam
1424 1578 1491 1629 ex-

133 1676 380 1752 cusationem
407 1673 790 1774 manustuprationis.
842 1671 896 1748 nt
934 1656 1062 1748 tamen
1094 1671 1291 1749 defloratio
1327 1679 1490 1748 nonest

134 1793 459 1898 impedimentum
486 1793 668 1870 dirimens
697 1793 998 1870 matrimonium.
1036 1792 1227 1870 ‚Mulieres
1256 1793 1289 1869 si
1317 1793 1489 1870 consciae

141 1919 236 2010 sunt
262 1915 308 1991 de
335 1903 489 2018 propria
516 1914 758 2016 impotentia,-
788 1921 828 1990 et
856 1911 1144 1990 matrimonium
1171 1912 1383 2008 celebrant,
1415 1912 1485 1990 hoo

133 2035 297 2144 evenit,
337 2035 425 2136 quia
457 2039 614 2136 sperant
642 2033 723 2110 fore
757 2037 801 2110 ut
833 2037 1007 2137 potentes
1035 2033 1154 2129 fiant,
1195 2033 1298 2110 coitu
1330 2035 1485 2111 iterato.

141 2155 215 2232 Sed
245 2154 568 2257 hermaphroditis
599 2153 817 2232 huiusmodi
835 2179 922 2257 spes
949 2155 1103 2231 omnino
1131 2155 1250 2230 abest.
1296 2154 1337 2231 Si
1365 2154 1491 2231 Maria

139 2275 370 2377 Dennequin
397 2279 497 2350 esset
517 2274 828 2378 hermaphrodita
846 2299 922 2351 non
941 2275 1153 2375 nupsisset:
1185 2273 1347 2376 ipsamet
1366 2279 1490 2350 mater

140 2397 226 2473 eius
255 2421 280 2472 a
305 2395 549 2472 matrimonio
577 2395 747 2472 animum
775 2395 856 2470 cius
880 2393 1104 2470 alienasset.

223 2516 371 2592 Verum
399 2539 513 2617 quare
535 2539 695 2617 sponsus
715 2515 796 2591 eius
821 2506 1237 2592 Ι11111110111101111111111
1261 2537 1329 2616 per
1347 2512 1489 2616 viginti
1528 2547 1532 2552 ·

138 2663 291 2716 novem·
311 2636 405 2732 dies,
435 2660 593 2738 eamque
620 2637 829 2740 cognovit?
858 2637 1072 2713 abhorrere
1100 2635 1226 2712 solent
1243 2621 1319 2712 viri
1348 2660 1371 2711 a
1399 2660 1490 2712 con-

133 2761 272 2836 cubitu
306 2757 524 2835 huiusmodi
556 2762 885 2835 monstruosarum
922 2784 945 2834 a
977 2757 1100 2861 prima
1133 2760 1258 2833 nocte.
1303 2756 1489 2833 Attamen

139 2879 206 2955 vir
220 2877 281 2954 'ad
308 2901 392 2952 eam
420 2877 563 2980 pluries
591 2880 765 2954 accessit.
816 2876 917 2965 Quid
949 2877 1124 2980 sperabat
1158 2875 1354 2952 conatibus
1383 2874 1488 2952 suisi

136 2997 243 3074 Tolli
271 2995 401 3072 forsan
431 2999 556 3099 potest
583 2996 959 3100 hermaphrodismus
987 2994 1199 3074 naturalis?
1239 2994 1418 3097 Suspicor
1444 2994 1489 3071 de

138 3117 263 3220 ipsius
288 3115 416 3218 sponsi
426 3115 682 3218 depositione.
714 3115 861 3192 Verum
881 3115 1006 3217 posita
1023 3114 1140 3191 etiam
1161 3113 1365 3218 hypothesi
1393 3113 1490 3213 quod

137 3261 278 3314 revera
306 3235 616 3338 hermaphrodita
643 3237 695 3312 sit
724 3235 875 3338 sponsa,
907 3235 996 3337 quid
1025 3234 1307 3312 deducendum?
1351 3233 1491 3311 Matri-

141 3357 315 3434 monium
343 3355 559 3467 huiusmodi
578 3357 883 3433 monstruositas
911 3381 989 3432 non
1012 3356 1160 3433 dirimit
1187 3355 1336 3456 quando
1354 3355 1512 3444 mulie,

137 3475 219 3553 bris
247 3501 362 3557 sexus
390 3475 613 3578 praevalet:
646 3476 692 3552 in
720 3501 824 3570 casu,
855 3501 981 3554 coram
1010 3477 1107 3554 laico
1136 3476 1321 3553 tribunali
1344 3484 1490 3552 uocata

135 3597 256 3674 stetit
276 3621 381 3672 soror
400 3596 546 3674 Mariae
565 3597 804 3698 Dennequin,
836 3621 931 3697 quae
950 3623 1036 3674 oum
1058 3623 1127 3695 sua
1145 3621 1272 3673 sorore
1300 3597 1341 3674 in
1360 3597 1489 3673 eodem

139 3717 257 3794 cubili
286 3716 508 3794 dormiebat.
540 3715 783 3818 interrogata
810 3720 955 3793 testata
974 3723 1047 3812 est,
1071 3718 1235 3794 Mariam
1262 3718 1318 3794 bis
1344 3718 1490 3795 Ι1111111

140 3839 184 3916 in
213 3837 444 3915 hebdomada
471 3863 579 3914 suam
605 3838 759 3914 barbam
785 3837 917 3914 radere
955 3839 1108 3915 solitam
1136 3838 1275 3931 fuisse;
1323 3838 1486 3940 singulis

140 3965 274 4036 autem
312 3959 477 4060 quinque
508 3958 571 4034 vel
600 3982 667 4036 sex
695 3957 983 4036 hebdomadibus
1021 3958 1248 4035 infirmitate
1276 3958 1485 4053 laborasse,

134 4087 180 4158 et
209 4081 409 4170 menstrua
436 4103 586 4182 passam
616 4077 747 4155 fuisse.
789 4079 925 4155 Plures
968 4080 1130 4156 feminae
1159 4079 1310 4155 barbam
1348 4079 1488 4155 habent

139 4207 180 4276 et
209 4199 434 4302 parturiunt
461 4197 574 4292 filios,
607 4223 675 4275 neo
703 4199 1033 4302 hermaphroditae
1062 4203 1171 4292 sunt;
1203 4203 1242 4276 11
1269 4197 1399 4276 nullus
1428 4200 1490 4275 vir

141 4322 385 4398 menstruum
413 4318 568 4411 habuit;
615 4343 658 4394 ac
692 4319 845 4421 proinde
873 4319 998 4395 Maria
1026 4323 1094 4396 aut
1121 4343 1211 4395 vere
1238 4319 1376 4395 mulier
1404 4322 1485 4412 est,

136 4442 181 4516 et
208 4464 287 4516 non
316 4437 641 4543 hermaphrodita,
673 4445 740 4515 aut
769 4441 801 4516 si
831 4439 1046 4516 huiusmodi
1065 4442 1138 4532 est,
1171 4439 1367 4542 praevalet
1386 4439 1426 4515 in
1444 4463 1490 4514 ea

137 4583 256 4638 sexus
287 4559 489 4637 femineus

222 4681 370 4758 Verum
398 4679 581 4783 depositio
601 4679 729 4784 sponsi
757 4704 992 4782 nequaquam
1020 4680 1198 4780 congruit
1221 4679 1489 4782 descriptioni-
