3672 5216
347 277 405 344 101
900 297 1132 342 nisrauunma

347 424 469 502 posse.
501 399 659 476 Etenim
688 401 720 475 si
751 400 917 476 nondum
944 405 1123 476 extructa
1151 398 1240 492 fuit,
1262 398 1300 474 id
1328 397 1603 475 inobedientiae
1622 423 1687 502 pa-

346 519 452 594 rochi
483 518 522 595 S.
554 519 707 596 loannis
735 517 1019 595 adscribendum
1047 543 1129 594 esse
1157 520 1227 612 ait,
1258 518 1323 619 qui
1350 517 1477 620 potius
1506 541 1618 618 quarn
1646 518 1688 593 in

350 644 524 716 «centro
557 639 697 716 ruralis
738 639 971 742 paroeciae»
1004 639 1110 715 illam
1146 640 1186 714 in
1218 639 1378 714 civitate
1415 646 1594 714 extruere
1622 661 1691 712 vo·

347 761 462 852 lebat;
496 760 638 862 hacque
657 759 702 835 de
721 784 835 836 causa
862 759 919 836 illi
948 759 1071 862 petita
1096 759 1315 862 superficies
1334 785 1358 834 a
1375 759 1599 861 municipali
1622 783 1690 834 au-

345 881 527 956 ctoritate
556 880 617 955 his
645 879 770 956 verbis
798 885 986 982 denegata
1014 879 1107 955 luit:
1141 879 1268 954 habito
1296 893 1508 979 procerte,
1539 877 1689 978 quodsi

345 1001 475 1102 aliqua
502 1001 678 1077 obvenire
705 1006 833 1103 posset
861 999 1011 1077 utilitas
1041 998 1274 1102 paroecianis
1302 1000 1342 1074 8.
1375 998 1528 1074 loannis
1556 999 1692 1101 Bapti-

347 1126 429 1197 stae
457 1147 505 1196 ex
534 1121 727 1197 Ecclesiae
755 1121 960 1210 erectione,
984 1127 1135 1198 tantum
1156 1121 1307 1196 veniret
1335 1121 1368 1195 si
1398 1119 1489 1194 haec
1516 1119 1692 1195 aedifica-

263 1311 264 1316 ,
348 1247 455 1318 retur
474 1243 576 1318 inter
594 1241 737 1334 domos,
761 1267 854 1341 quae
874 1241 1035 1344 sparsim
1055 1243 1193 1316 extant
1212 1243 1279 1316 ext
1281 1265 1324 1314 ra
1351 1244 1501 1342 portam
1521 1237 1686 1328 Savona;

348 1387 437 1438 nam
466 1362 557 1474 dum
585 1365 726 1462 cogant
729 1386 775 1436 ur
804 1387 848 1464 pe
851 1365 931 1436 tere
968 1362 1187 1447 civitatem,
1220 1363 1306 1436 tant
1309 1384 1370 1435 um
1412 1359 1568 1435 valetu
1571 1357 1693 1435 tEc-

346 1483 520 1560 clesia
491 1488 542 1557 srt
528 1483 633 1558 tubi
663 1482 866 1614 reperitur,
908 1485 1027 1582 quant
1030 1507 1093 1556 um
1122 1481 1183 1557 ubi
1218 1481 1404 1582 parochus
1436 1479 1571 1570 vellet;
1604 1481 1693 1580 quia

314 1602 753 1705 ·sat1ssuntpauci
731 1626 884 1678 oressus
913 1602 957 1676 ad
988 1601 1201 1677 Ecclesiam
1229 1601 1548 1702 comperiendam
1580 1599 1692 1680 Unde

346 1721 541 1798 concludit
525 1729 616 1824 tpa
620 1728 753 1798 tronus
781 1747 829 1796 ex
856 1721 1051 1822 hucusque
1069 1721 1157 1797 dict'
1132 1727 1182 1796 trs
1210 1739 1373 1798 scatere·
1410 1721 1427 1796 l
1461 1721 1692 1824 Episcopum

350 1843 398 1920 D
409 1844 617 1944 Ancennes
645 1869 713 1945 per
748 1839 942 1918 decretum
970 1842 1061 1918 anni
1095 1841 1198 1918 1825
1234 1841 1414 1943 gravibus
1443 1841 1689 1918 incommodis

349 1987 445 2063 quae
466 1963 516 2038 cb
545 1963 728 2038 urbanam
746 1968 785 2038 et
804 1961 969 2038 ruralem
998 1964 1244 2039 commixtam
1273 1963 1573 2040 iurisdictionem
1601 1989 1691 2039 eve-

352 2083 521 2175 niebant,
553 2107 747 2159 occurrere
771 2082 956 2158 voluisse:
987 2083 1014 2160 2
1041 2083 1088 2160 ad
1117 2083 1186 2158 hoc
1214 2084 1502 2186 assequendum,
1525 2085 1692 2161 ruralem

353 2203 398 2278 ab
427 2204 569 2278 urbana
597 2202 740 2278 ditione
777 2227 898 2279 novae
926 2203 1118 2305 paroeciae
1155 2203 1343 2279 erectione
1378 2227 1621 2304 segregasse:
1653 2210 1693 2280 et

350 2324 523 2402 3rurali
568 2325 729 2426 parocho
765 2324 984 2400 districtum
1017 2349 1081 2399 seu
1121 2323 1359 2399 territorium
1391 2327 1503 2400 extra
1545 2325 1694 2400 moenia

349 2450 518 2537 tantum,
550 2468 626 2520 non
654 2468 744 2519 vero
773 2445 1029 2520 munitionum
1058 2443 1295 2546 superficiem
1324 2442 1584 2547 adscripsisse.

432 2567 526 2641 Post
555 2566 662 2656 haec,
685 2565 905 2664 quibusdam
936 2588 1136 2640 occurrens
1165 2563 1470 2655 difficultatibus,
1502 2571 1628 2642 orator
1647 2566 1696 2641 il·

351 2688 428 2763 lam
457 2685 601 2761 diluere
630 2685 786 2785 sategit,
818 2709 912 2784 quae
931 2709 979 2760 ex
999 2684 1264 2782 designatione
1285 2685 1472 2760 territorii
1501 2687 1696 2787 paroeciae

351 2807 391 2882 S.
424 2804 623 2882 Laurentii
654 2829 720 2905 per
747 2829 924 2879 numeros
944 2805 1162 2879 censuarios
1188 2803 1291 2880 facta
1318 2805 1396 2906 peti
1424 2809 1566 2906 posset,
1589 2811 1696 2882 etex

351 2948 425 3025 qua
453 2927 686 3024 sequeretur,
719 2925 900 2999 urbanam
920 2923 1131 3025 paroeciam
1153 2922 1264 3014 nihil,
1293 2927 1445 3025 praeter
1472 2949 1534 2999 eos
1563 2949 1697 3000 nume-

352 3069 429 3139 ros
461 3043 654 3146 acquirere
688 3045 868 3146 potuisse.
901 3043 1003 3120 Satis
1039 3046 1167 3118 autem
1197 3046 1307 3144 putat
1334 3044 1604 3118 contradictori
1635 3069 1695 3120 re-

310 3171 311 3175 ’
352 3165 552 3266 spondere,
584 3189 670 3239 eum
704 3163 847 3265 pariter
875 3188 942 3265 per
976 3165 1169 3240 decretum
1198 3165 1289 3239 anni
1323 3161 1426 3240 1825
1464 3165 1572 3240 nihil.
1590 3165 1695 3241 aliud

254 3282 258 3291 '
353 3285 530 3360 habuisse
566 3309 679 3384 quam
715 3283 933 3360 districtum
970 3309 1036 3358 seu
1070 3284 1328 3377 territorium,
1359 3310 1404 3360 ac
1432 3285 1536 3360 hisce
1573 3287 1697 3362 verbis

351 3405 571 3483 nullomodo
599 3405 792 3504 designari
820 3429 929 3506 posse
949 3406 1098 3481 moenia
1127 3405 1208 3479 sive
1237 3406 1483 3481 munitiones.
1516 3405 1697 3492 Quinimo

353 3528 387 3604 si
417 3528 581 3602 urbanus
612 3525 797 3628 parochus
826 3549 926 3600 anno
946 3525 1048 3621 1807
1077 3526 1213 3602 nedum
1235 3528 1398 3602 urbanae
1426 3527 1581 3602 ditionis
1612 3553 1699 3630 par-

353 3653 431 3722 tem
460 3648 608 3739 habuit,
640 3646 770 3722 sedt
732 3647 848 3720 etiam
836 3645 1045 3738 muralis,
1078 3645 1314 3751 arguendum
1342 3646 1453 3740 dicit,
1486 3647 1543 3723 illi
1574 3650 1701 3725 muni-

353 3767 475 3842 tiones
504 3766 621 3842 etiam
651 3766 870 3842 interiectas
900 3768 1120 3867 contigisse,
1152 3791 1237 3842 cum
1274 3768 1476 3844 absurdum
1505 3775 1605 3846 esset
1633 3797 1701 3902 pa-

354 3888 518 3962 roeciam
546 3886 586 3962 in
615 3887 708 3962 duas
729 3893 816 3989 part
819 3913 857 3962 es
800 3887 1040 3963 tdivisam
1060 3887 1263 3989 configere
1287 3888 1446 3976 Quodsi
1466 3888 1566 3964 hanc
1585 3892 1699 3966 unius

353 4007 521 4109 corporis
550 4007 825 4082 continentiam
855 4007 938 4106 quis
958 4006 1161 4109 denegaret
1146 4009 1417 4109 t,negandum
1445 4011 1545 4112 parit
1543 4035 1589 4085 er
1614 4035 1702 4087 cen-

354 4133 471 4218 seret,
504 4128 651 4204 rurales
672 4127 800 4204 domos
821 4128 989 4204 numeris
1009 4129 1214 4205 distinctas
1243 4130 1283 4205 in
1312 4130 1462 4206 decreto
1482 4131 1575 4206 anni
1599 4131 1702 4211 1807

355 4274 473 4326 unum
503 4274 637 4352 corpus
666 4247 835 4324 effecisse
863 4273 950 4324 cum
978 4251 1137 4326 ecclesia
1156 4250 1286 4326 Sancti
1316 4251 1532 4342 Laurentii,
1564 4277 1702 4352 quaea

354 4368 525 4445 domibus
550 4369 665 4470 longe
693 4369 827 4445 distat.
860 4368 959 4456 Quid
980 4375 1108 4447 autem
1139 4371 1321 4470 ineptiuS,
1346 4373 1538 4465 observat,
1571 4397 1703 4474 paroe-

355 4491 434 4566 cias
464 4491 554 4566 solis
583 4490 753 4587 domibus
791 4499 984 4583 constare,
1017 4517 1092 4567 non
1121 4499 1247 4568 autem
1278 4492 1404 4593 spatio
1432 4491 1494 4567 rel
1532 4493 1702 4570 domibus

356 4613 574 4707 interiectu,
606 4612 668 4688 vel
697 4613 793 4714 quod
823 4612 900 4688 illis
929 4612 1125 4688 adhaeret.
