3650 5242
718 291 952 338 nmxaunnrua
1445 271 1503 334 107

156 391 417 470 Reillenstuel
434 393 503 470 lus·
523 395 621 470 Creu.
643 393 667 468 I
667 453 676 475 ,
692 394 732 468 II
738 451 746 474 ‚
762 402 817 470 td.
838 392 996 472 HVJ,
1011 419 1052 466 n.
1072 393 1139 474 40,
1154 398 1192 466 et
1209 389 1504 492 Scbmalggrue-

154 513 222 588 ber
251 513 321 588 lus·
350 517 438 590 cccl.
464 543 560 618 par.
592 514 671 596 III,
704 523 760 590 n't.
792 513 955 596 ΧΧΙΧ,
985 513 1127 594 55,-3,
1160 540 1200 586 n.
1232 511 1288 588 22
1315 523 1349 586 ct
1377 511 1445 586 23.

238 635 436 712 Dareusrc
465 636 644 714 Parmmn
674 635 713 712 S.
746 634 920 711 lonssrs.
953 634 1016 710 Ex
1044 635 1202 709 adverso
1236 638 1364 707 tamen
1394 655 1505 734 paro-

99 803 104 812 ·
155 753 219 829 chi
250 755 290 831 S.
323 755 479 831 loannis
508 759 693 858 patronus
723 753 918 831 contendit
947 754 1136 856 imprimis
1165 753 1313 828 nullum
1341 753 1401 827 ins
1420 775 1503 827 esse

155 873 341 978 Capitulo
369 883 407 950 et
437 874 599 978 parocho
627 875 868 954 Catlredralis
898 899 1069 952 necnon
1101 871 1311 976 praeposito
1340 872 1379 948 S.
1412 872 1505 948 Ale-

155 997 311 1104 xandri
328 998 488 1077 sistendi
518 999 557 1074 in
587 999 778 1101 praesenti
816 997 978 1079 iudicio,
1011 997 1164 1098 ideoque
1192 997 1236 1072 ab
1264 1020 1307 1070 eo
1335 1021 1415 1070 esse
1445 1019 1505 1069 re-

156 1121 380 1194 movendos.
413 1120 611 1195 Revocata
638 1121 738 1196 enim
770 1119 922 1195 notione
952 1117 1079 1193 iudicii
1100 1117 1146 1194 ad
1168 1118 1194 1190 l.
1215 1117 1244 1189 8
1264 1128 1298 1190 et
1324 1115 1370 1190 {3
1407 1114 1499 1190 le.

157 1235 216 1310 ltu
246 1239 329 1310 [ml.
362 1244 562 1323 memorat,
594 1239 738 1316 Roiani
770 1239 893 1313 [dunis.
927 1237 1024 1316 476,
1056 1265 1098 1310 a.
1118 1237 1161 1314 8,
1192 1247 1227 1310 el
1255 1234 1380 1310 Dacis.
1401 1232 1502 1316 552,

155 1383 199 1429 a.
233 1361 275 1436 l.
308 1371 401 1432 tom.
433 1359 476 1443 2,
507 1389 585 1434 rur.
618 1360 802 1442 dlubrum,
839 1359 1007 1436 tenuisse
1046 1359 1234 1433 actionem
1263 1355 1320 1430 illi
1350 1360 1503 1430 tantum
1582 1359 1587 1380 '

153 1492 394 1580 competere,
425 1482 489 1582 qui
520 1482 577 1555 ius
607 1481 740 1558 habeat
777 1479 1022 1583 persequendi
1052 1481 1091 1554 in
1121 1461 1257 1554 itulicio
1291 1477 1386 1578 quod
1433 1476 1502 1552 sibi

153 1597 324 1674 debitum
353 1607 427 1689 est,
458 1593 617 1702 eumque
647 1601 936 1678 fundamentum
966 1626 1056 1677 suae
1090 1599 1315 1675 intentionis
1352 1595 1531 1673 conclu-·
1604 1593 1607 1599 ’

153 1718 294 1793 denter
320 1720 478 1822 probare
506 1721 651 1798 debere.
685 1723 828 1797 l'erum
858 1720 1006 1798 nullum
1038 1721 1095 1795 ius
1123 1717 1352 1821 provocandi
1380 1715 1425 1790 ad
1445 1716 1504 1791 iu-

153 1838 297 1914 dicium
327 1839 509 1942 Capitulo
543 1841 767 1919 Cathcdrali
804 1842 1109 1928 inessecenset‚
1141 1845 1223 1915 tum
1262 1837 1350 1938 qnia
1387 1858 1504 1934 usque

152 1959 200 2034 ab
229 1983 330 2034 amm
356 1959 459 2036 1824
477 1961 650 2036 unanimi
666 1962 848 2062 suffragio
876 1985 942 2064 pro
964 1985 1083 2036 novae
1103 1958 1297 2062 paroeciae
1316 1955 1504 2030 erectione

152 2103 385 2154 rorrscnsum
427 2081 553 2172 dedit,
596 2087 679 2156 tum
716 2083 833 2157 etiam
871 2081 960 2182 quia
997 2080 1165 2156 nnllu1n¹
1189 2077 1293 2153 illius
1332 2077 1392 2151 ius
1429 2073 1505 2149 fuit

154 2210 405 2302 usurpatum,
438 2183 747 2302 nequessillatum
785 2201 934 2302 aliquod
963 2200 1158 2275 damnum.
1200 2197 1252 2272 llt
1282 2222 1320 2271 re
1354 2194 1503 2295 ‹pudem
1556 2225 1557 2228 ¹

155 2343 251 2395 vera
266 2346 352 2396 rum
373 2321 584 2424 Episcopus
601 2323 647 2398 D’
661 2327 865 2424 Angennes
886 2319 1135 2397 suburbanam
1158 2317 1367 2421 paroeciam
1388 2316 1428 2392 S.
1447 2313 1507 2390 lo-

153 2441 271 2517 annis
299 2443 517 2536 constituit‚
549 2445 668 2518 cidem
698 2443 933 2518 territorium
964 2451 1077 2518 extra
1105 2443 1258 2516 ianuam
1282 2439 1505 2512 [amiensem

154 2563 248 2640 olim
281 2565 327 2640 ad
357 2566 568 2666 paroeciam
598 2567 637 2642 S.
669 2565 867 2642 Laurentii
897 2564 1153 2666 pertinentem
1182 2559 1380 2639 attribuit,
1412 2559 1504 2658 quin

153 2685 303 2786 aliquid
332 2713 354 2761 a
383 2686 643 2764 iurisdictione
679 2685 920 2765 Cathedralis
954 2691 993 2760 et
1027 2687 1066 2760 S.
1098 2683 1307 2784 Alexandri
1343 2680 1404 2755 vel
1432 2680 1505 2756 mi-

154 2807 305 2882 nimum
334 2807 518 2882 aufferret.
551 2807 711 2910 insuper
740 2808 772 2882 si
800 2807 1030 2909 inspiciatur
1057 2807 1249 2881 decretum
1285 2801 1506 2880 (lasalensis

154 2925 355 3001 Praesulis
385 2926 552 3003 Villaret
579 2951 678 3004 anim
711 2926 813 3004 leur
843 2927 978 3015 latum,
1012 2951 1153 3003 novum
1183 2925 1270 3001 inde
1302 2947 1505 3024 argumen-

155 3059 242 3122 tum
272 3046 318 3122 ad
347 3072 422 3124 non
454 3047 713 3124 insectorum
743 3047 1077 3124 dernonstrandum
1107 3047 1188 3122 erui
1223 3049 1348 3148 putat.
1381 3044 1507 3144 Siqui-

153 3168 201 3241 ‹le
234 3235 242 3242 .
272 3167 322 3242 ibi
352 3167 565 3242 iurisdictio
592 3170 850 3270 paroeciarum
881 3167 1122 3245 Oatlredralis
1150 3177 1188 3242 et
1218 3165 1257 3242 S.
1296 3163 1505 3240 Alexandri

152 3287 202 3362 ad
233 3287 415 3388 quasdam
453 3292 606 3364 tantum
637 3289 809 3366 civitatis
848 3289 1036 3390 regiones
1067 3287 1176 3363 cuius
1214 3286 1325 3362 civici
1356 3284 1505 3360 numeri

152 3407 425 3506 designantur,
456 3407 794 3498 circumscribitur,
818 3435 862 3482 ac
882 3408 1036 3510 proinde
1058 3408 1161 3483 ultra
1179 3405 1267 3482 illas
1297 3404 1506 3480 nullimode

155 3525 333 3628 protendi
365 3529 503 3628 potest.
543 3526 582 3601 ld
611 3532 740 3602 autern
769 3529 891 3629 magis
922 3529 960 3603 in
990 3532 1074 3603 tuto
1108 3527 1196 3630 poni
1233 3527 1287 3600 ait
1321 3530 1507 3628 patronus

153 3672 206 3722 ex
226 3645 409 3748 graphica
428 3646 666 3722 controversi
686 3647 873 3723 territorii
894 3648 1161 3750 descriptione,
1184 3671 1295 3748 qumn
1318 3645 1400 3721 nn.
1420 3645 1501 3722 ΡΡ.

154 3770 262 3844 inter
290 3765 572 3842 informandum
603 3792 642 3841 se
661 3763 922 3843 edlribiturum
954 3770 1126 3872 spondet.

240 3887 368 3988 Neque
397 3885 539 3987 aliquid
569 3885 755 3963 facessere
792 3893 987 3977 autumat,
1020 3888 1116 3988 «prod
1145 3887 1359 3964 huiusmodi
1397 3910 1506 3962 exce-

156 4010 255 4111 ptio,
287 4031 360 4108 qua
387 4007 481 4083 duas
511 4008 704 4108 paroecias
733 4035 756 4084 a
781 4009 917 4085 iudicio
936 4011 1103 4086 amoveri
1126 4007 1382 4112 postulantur,
1407 4009 1506 4084 haud

156 4131 197 4205 in
228 4128 351 4230 primo
379 4125 653 4204 iurisdictionis
682 4129 801 4229 gradu
830 4132 1023 4232 proposita
1042 4131 1174 4206 fuerit.
1196 4135 1320 4222 Nam,
1347 4131 1417 4224 ait,
1441 4156 1509 4232 pa-

156 4249 317 4324 rochum
346 4247 385 4324 S.
419 4247 572 4322 Ioannis
600 4247 803 4324 dumtaxat
832 4255 918 4352 post
945 4253 1072 4328 curiae
1101 4251 1348 4344 sententiam,
1380 4251 1510 4326 decre-

158 4373 244 4442 tum
275 4365 451 4469 Episcopi
480 4365 649 4441 Villaret
676 4374 715 4443 et
744 4369 1206 4473 praelatamgraphicum
1242 4371 1414 4448 civitatis
1443 4373 1509 4448 de·

157 4487 405 4591 scriptionem
420 4487 657 4588 cognovisse,
677 4513 720 4562 ac
735 4489 890 4590 proinde
906 4517 950 4567 ea
970 4491 1124 4592 minime
1140 4491 1298 4568 obiicere
1319 4493 1502 4594 potuisse,

156 4633 256 4711 qnae
285 4607 404 4685 adhuc
433 4608 503 4712 ipsi
532 4611 643 4682 erant
662 4608 807 4710 ignota.
838 4611 1018 4690 Ceterum
1049 4612 1187 4689 asserit
1206 4617 1348 4705 orator,
1372 4612 1508 4688 huius-
