3674 5262
357 245 396 307 ts
888 263 936 308 nx,
952 263 978 308 s.
997 263 1026 308 c.
1044 263 1166 308 nrruun

357 365 457 434 enim
481 365 517 432 in
542 363 780 434 observantia
803 363 1011 434 solitudinis
1035 365 1237 450 studiosus,
1264 363 1301 430 in
1325 363 1501 434 orationis
1537 367 1704 433 contem·

355 471 604 559 plationisque
628 468 776 540 fervore
801 470 991 540 relucebat
1013 475 1207 558 tamquam
1232 471 1323 540 alter
1346 471 1509 557 Moyses,
1534 471 1571 538 in
1588 470 1698 540 absti-

357 578 568 648 nentiarum
600 577 865 664 asperitudine
884 597 998 646 suum
1030 595 1197 664 namque
1236 576 1383 647 reflexit
1413 578 1587 666 rigorem,
1619 597 1696 646 non

277 721 281 731 ·
357 686 457 755 enim
480 690 558 754 tam
581 685 734 754 sollicite
759 704 780 756 a
805 686 962 772 negotiis
985 704 1028 754 se
1050 685 1283 771 expediebat,
1309 703 1424 772 quam
1449 685 1496 755 ad
1521 685 1702 756 erimitice

356 791 584 879 gustandam
607 791 832 860 suavitatem
848 790 1062 862 festinabat:
1085 791 1270 862 fatebatur
1286 793 1386 862 enim
1402 793 1556 880 plorans
1568 812 1697 862 rerum

357 898 622 986 temporalium
647 899 932 968 exercitationes
956 897 1064 968 datas
1087 896 1205 968 fuisse
1238 900 1286 969 ad
1319 900 1594 986 poenitentiam,
1618 900 1705 970 soli-

356 1006 525 1076 tudinem
549 1024 640 1075 vero
665 1005 712 1075 ad
737 1006 978 1094 gustandum,
1003 1025 1119 1093 quam
1143 1007 1274 1076 suavis
1299 1012 1362 1087 est,
1379 1007 1573 1094 Dominus
1590 1013 1626 1076 et
1649 1009 1699 1078 ad

354 1111 521 1184 futuram
545 1111 811 1212 beatitudinem
834 1111 1045 1198 fruendam,
1069 1113 1414 1201 negotiandumque
1438 1131 1526 1183 cum
1543 1133 1703 1184 summo

346 1220 518 1290 JNumine
541 1220 635 1290 facie
650 1220 707 1290 ad
732 1219 910 1290 faciem».
1553 1209 1557 1214 ’

422 1327 580 1397 Decius
605 1327 782 1398 charitate
805 1347 896 1416 erga
921 1327 1141 1416 proximum
1165 1329 1260 1398 mira
1291 1332 1328 1398 et
1356 1347 1496 1417 magna
1521 1329 1701 1418 leguntur

277 1491 279 1494 .
354 1435 392 1502 in
416 1434 555 1504 eadem
574 1435 657 1504 Vita
682 1437 776 1505 Ven.
801 1435 960 1505 Lanuini
983 1456 1005 1505 a
1029 1436 1273 1522 praelaudato
1297 1436 1385 1505 clar.
1410 1437 1577 1524 Tromby
1610 1455 1701 1505 con·

282 1535 283 1540 ’
354 1543 503 1629 scripta.
527 1540 647 1610 Laudi
672 1541 776 1609 omni
799 1545 972 1627 praeerat
995 1541 1076 1612 eius
1092 1541 1350 1611 benevolentia
1363 1561 1413 1638 ac
1425 1543 1592 1612 suavitas
1608 1561 1698 1630 erga

355 1649 506 1718 sodales
529 1649 588 1717 sui
612 1649 770 1734 Ordinis,
795 1667 893 1736 quos
917 1649 953 1715 in
977 1649 1156 1719 charitate
1186 1668 1256 1718 sua
1292 1667 1368 1718 non
1392 1667 1462 1718 ceu
1494 1647 1700 1736 interiores,

354 1757 610 1844 subditosque,
634 1757 702 1825 sed
725 1762 920 1844 tamquam
945 1775 1066 1843 parea,
1084 1775 1129 1826 ac
1152 1756 1372 1844 Superiores
1388 1755 1694 1843 amplectebatur.

355 1866 538 1934 Omnibus
562 1885 695 1934 eorum
720 1864 930 1953 indigentiis
953 1865 1033 1934 sive
1057 1864 1325 1952 corporalibus
1349 1865 1429 1934 sive
1445 1865 1703 1952 spiritualibus

355 1991 508 2058 semper
531 1976 682 2060 praesto
705 1970 782 2058 fuit,
807 1973 854 2042 ita
878 1977 920 2042 ut
942 1973 990 2041 ab
1015 1973 1191 2040 omnibus
1215 1972 1251 2040 in
1281 1990 1420 2059 magna
1456 1973 1696 2044 veneratione

354 2079 572 2167 habebatur,
598 2080 662 2167 qui
685 2079 808 2149 dicere
832 2078 1013 2165 solebant,
1037 2078 1184 2147 nullum
1214 2079 1250 2147 in
1286 2079 1481 2177 Provincia
1515 2079 1608 2148 Ven.
1633 2081 1703 2148 La-

353 2187 469 2254 nulno
494 2205 579 2256 esse
603 2185 845 2274 aequandum
870 2187 906 2254 in
931 2186 1149 2255 excellentia
1174 2186 1362 2272 virtutum,
1388 2186 1525 2273 quibus
1556 2185 1703 2274 praedi-

352 2297 414 2361 tus
437 2297 525 2362 erat.
552 2293 642 2363 Item
668 2293 905 2362 miseratione
930 2311 1019 2381 erga
1036 2311 1234 2380 pauperes,
1249 2292 1473 2362 consodales
1486 2311 1620 2362 omnes
1635 2313 1702 2363 an-

306 2415 309 2422 ’
352 2399 558 2486 tecellebat,
584 2400 671 2487 quia
696 2399 731 2466 in
757 2399 812 2470 eis
836 2399 968 2467 Christi
992 2417 1197 2487 personam
1224 2398 1479 2468 reverebatur.

420 2508 460 2574 ln
485 2506 666 2596 regimine
690 2505 1008 2576 Monasteriorum
1032 2503 1099 2574 fuit
1121 2524 1309 2574 summus.
1326 2505 1416 2574 Eius
1432 2505 1634 2575 dexteritas
1650 2523 1697 2574 ao

260 2629 266 2643 ’
352 2613 550 2701 prudentia
574 2615 622 2683 ita
646 2611 878 2700 effulserunt,
903 2617 944 2681 ut
966 2611 1030 2680 diu
1061 2613 1175 2682 latere
1197 2631 1273 2681 non
1297 2615 1509 2698 potuerunt.
1534 2613 1599 2680 Sat
1630 2611 1701 2680 erit.

352 2720 592 2790 considerare
613 2718 800 2808 fulgorem
836 2721 1058 2790 earumdem
1091 2719 1222 2788 oculos
1257 2721 1518 2789 Romanorum
1554 2716 1702 2786 pontiti-v

352 2845 440 2896 cum
466 2827 607 2897 Urbani
632 2827 672 2912 ll,
698 2831 734 2896 et
756 2827 949 2897 Paschalis
973 2827 1004 2894 ll
1028 2827 1236 2913 attraxisse,
1262 2827 1402 2914 quique
1427 2826 1463 2893 in
1499 2825 1613 2896 variis
1650 2826 1703 2895 le-

356 2934 578 3023 gationibus
604 2953 648 3003 ac
671 2935 836 3022 negociis
859 2933 1095 3020 Apostolicae
1119 2934 1228 3004 Sedis
1251 2934 1512 3025 adhibuerunt.
1537 2935 1605 3003 Rei
1635 2954 1699 3004 ve-

351 3041 496 3111 ritatem
520 3040 692 3128 probavit
715 3046 888 3110 eventus:
913 3061 1079 3129 namque
1104 3041 1269 3130 negociis
1294 3062 1315 3110 a
1340 3043 1523 3111 Romanis
1549 3041 1696 3110 Pontifi-

353 3149 461 3217 cibus
484 3147 735 3235 praelaudatis
760 3149 852 3216 Ven.
866 3149 1035 3218 Lanuino
1060 3147 1304 3233 demandatis,
1323 3144 1461 3216 miru'm
1478 3147 1515 3215 in
1533 3149 1690 3217 modum

354 3275 396 3325 se
421 3255 544 3343 gessit,
569 3260 682 3342 atque
706 3261 841 3325 cuncta
864 3255 911 3325 ad
937 3253 1080 3324 felicem
1105 3256 1247 3324 exitum
1271 3255 1457 3341 perduxit.
1482 3256 1535 3323 De
1558 3255 1701 3341 quibus

349 3364 533 3431 testantur
556 3361 742 3448 Epistulae
767 3364 990 3432 eorumdem
1016 3361 1250 3446 Pontificum,
1275 3363 1311 3428 in
1337 3362 1475 3449 quihus
1495 3362 1701 3434 dexteritas

354 3473 390 3538 et
412 3468 610 3555 prudentia
634 3487 786 3538 summa
810 3471 903 3539 Ven.
928 3470 1085 3539 Lanuini
1103 3469 1139 3537 in
1156 3468 1321 3555 negociis
1337 3468 1562 3560 peragendis
1578 3487 1696 3556 quam

351 3577 520 3646 maxime
543 3576 871 3646 commendantur.

303 3749 305 3754 .
418 3684 536 3750 Tanto
560 3683 676 3752 crevit
699 3684 780 3752 eius
803 3682 903 3754 fama
937 3686 973 3752 in
1004 3682 1206 3771 omnigena
1242 3683 1386 3770 virtute,
1422 3688 1463 3753 ut
1497 3685 1696 3754 demortuo

351 3789 387 3860 S.
413 3789 625 3858 Fundatura
649 3789 796 3858 Ordinis
819 3791 1165 3874 Carthasianorum,
1189 3807 1380 3858 consensu
1404 3791 1574 3859 omnium
1604 3791 1698 3860 Con-

354 3894 522 3983 fratrum,
548 3915 592 3966 ac
619 3900 833 3966 auctoritate
850 3895 1010 3966 Romani
1026 3894 1213 3965 Pontificis
1229 3897 1407 3986 Magister
1422 3897 1613 3967 Generalis
1636 3901 1697 3968 sui

350 4003 497 4072 Ordinis
521 4005 755 4073 renuntiatus
779 4005 845 4072 sit.
871 4005 911 4071 ln
936 4004 1008 4072 hoc
1032 4003 1257 4092 gravissimo
1274 4023 1432 4072 munere
1451 4004 1628 4072 obeundo
1645 4005 1694 4074 ad

349 4132 526 4182 normam
551 4113 676 4201 legum
702 4113 738 4181 S.
763 4111 995 4198 Fundatoris,
1014 4117 1050 4181 et
1061 4111 1364 4199 Apostolicarum
1378 4111 1688 4180 Constitutionum

349 4225 486 4290 cuncta
510 4221 660 4308 peregit.
687 4219 885 4306 Regularis
909 4218 1124 4307 disciplinae
1147 4219 1459 4307 studiosissimus,
1477 4220 1512 4287 in
1529 4219 1697 4306 quolibet

349 4327 578 4396 Monasterio
603 4325 885 4395 instaurandam
911 4326 1203 4414 augendamque
1227 4326 1508 4415 diligentissime
1537 4327 1694 4396 curavit.

348 4433 576 4504 Monasteria
601 4433 660 4500 sui
684 4433 831 4502 Ordinis
856 4435 950 4504 mira
976 4434 1158 4504 activitate
1182 4435 1446 4522 charitatisque
1473 4435 1553 4504 zelo
1589 4436 1697 4504 auxit

348 4543 408 4630 ita,
433 4545 473 4610 ut
497 4541 545 4610 ab
569 4541 746 4610 omnibus
770 4541 890 4612 mirus
913 4543 1227 4613 Monasteriorum
1252 4541 1465 4612 aedificator
1484 4545 1694 4612 vocaretur.
