3672 5216
360 322 418 386 132
849 337 1003 385 srrsrom
1024 337 1204 386 sacramen

358 465 446 514 mus
464 443 501 512 id
517 441 619 530 quod
636 445 702 529 est,
720 445 761 512 ut
782 441 951 510 nonnulli
967 443 1062 512 inter
1089 441 1302 528 catholicos,
1327 458 1403 528 quo
1431 446 1598 528 tempore
1619 460 1696 510 ma·

357 552 459 619 xime
475 550 654 620 deberent
671 550 803 620 virtute
819 550 1102 637 constantiaque
1127 567 1280 620 summa
1302 549 1388 616 eniti
1403 547 1439 615 in
1456 549 1604 618 tuendis
1621 549 1691 616 vin·

350 649 601 745 ¹dicandisque
625 657 812 726 Ecclesiae
830 658 983 745 iuribus,
1002 657 1125 745 specie
1142 657 1308 745 quadam
1325 657 1515 726 humanae
1536 657 1695 744 pruden-

357 767 427 834 tiae
453 766 562 851 ducti,
587 763 646 834 vel
671 765 706 833 iu
731 765 883 833 diversa
917 745 1063 850 abeant,
1089 763 1147 832 vel
1172 764 1284 832 nimis
1307 764 1343 831 iu
1368 765 1512 834 actione
1544 764 1693 834 timidos

356 873 614 960 remissosque
638 891 680 944 sc
704 872 918 959 praebeant.
950 872 1062 958 Atqui
1086 869 1191 939 facile
1215 869 1446 958 perspicitur,
1484 871 1693 940 istiusmodi

357 977 494 1066 agendi
516 981 701 1047 rationem
724 977 900 1066 periculis
924 997 1016 1046 sane
1040 977 1276 1064 gravissimis
1299 977 1441 1046 aditum
1473 977 1692 1064 patefacere,

356 1084 578 1172 praesertim
602 1085 633 1152 si
657 1083 704 1151 de
728 1085 772 1151 iis
800 1075 933 1170 agatur
963 1084 1026 1172 qui
1051 1083 1108 1150 vel
1134 1083 1350 1152 :uictoritate
1381 1084 1546 1169 polleant
1573 1085 1629 1154 vel
1655 1086 1691 1152 in

356 1192 592 1278 opinionibus
616 1190 861 1260 multitudinis
884 1189 1089 1278 plurimum
1106 1189 1259 1276 possint.
1286 1191 1437 1258 Praeter
1453 1191 1552 1258 enim
1576 1211 1692 1278 quam

356 1299 457 1385 quod
481 1297 648 1368 officium
671 1297 856 1366 deseritur
873 1299 1013 1366 iustum
1037 1316 1082 1366 ac
1106 1297 1281 1382 debitum,
1300 1297 1402 1365 haud
1419 1297 1511 1366 levis
1533 1298 1693 1386 plerum·

355 1427 429 1495 que
453 1407 672 1476 offensionis
695 1405 851 1474 affertur
874 1425 1002 1489 causa,
1029 1411 1065 1476 et
1081 1406 1141 1474 ria
1166 1405 1422 1474 intercluditur
1438 1406 1486 1474 ad
1504 1425 1589 1474 eam
1605 1408 1693 1478 obti-

355 1514 521 1584 nendam
545 1514 848 1601 servandamque
872 1515 1123 1600 concordiam,
1148 1531 1245 1601 equae
1272 1511 1357 1582 lacit
1380 1519 1420 1584 ut
1442 1533 1577 1583 omnes
1592 1515 1692 1585 idern

357 1624 526 1709 sentiant,
551 1623 650 1691 idern
668 1641 738 1690 suo
754 1619 850 1691 facto
867 1623 1122 1709 comprobent.
1148 1621 1230 1701 Qua
1246 1639 1338 1688 sane
1355 1641 1404 1706 re,
1422 1620 1692 1690 catholicorum

359 1729 496 1798 scilicet
512 1729 571 1797 vel
588 1729 728 1798 desidia
755 1729 814 1798 vel
830 1729 1084 1814 dissensione,
1101 1727 1189 1796 nihil
1205 1733 1313 1815 potes
1350 1727 1508 1796 inimicis
1524 1729 1692 1797 catholici

356 1837 518 1905 nominis
534 1837 696 1924 optatius
712 1839 945 1924 contingere:
969 1838 1063 1906 haec
1086 1855 1223 1924 nempe
1240 1835 1335 1923 illuc,
1352 1855 1428 1924 quo
1445 1837 1608 1925 proclive
1624 1845 1690 1924 est,

354 1944 524 2012 crebrius
559 1944 733 2030 evadunt,
758 1949 800 2013 ut
823 1944 978 2013 inimicis
1014 1944 1106 2031 ipsis
1140 1943 1299 2012 liberum
1327 1943 1618 2033 expeditumque
1642 1945 1690 2014 ad

354 2052 477 2137 peiora
504 2029 680 2119 audenda
703 2051 829 2120 locum
852 2052 1073 2140 relinquant.
1100 2052 1250 2138 Oportet
1265 2070 1358 2121 sane
1383 2053 1561 2120 omnibus
1578 2053 1613 2120 in
1639 2073 1692 2122 re

354 2156 427 2224 bus
451 2157 593 2226 consilii
618 2157 855 2244 prudentiam
879 2159 1239 2246 temperantiamque
1266 2159 1406 2228 babere
1431 2161 1603 2248 comites;
1627 2163 1693 2230 Ec·

354 2264 469 2334 clesia
484 2266 567 2354 ipsa
584 2265 664 2336 vult
678 2267 713 2334 in
732 2266 948 2336 defensione
966 2269 1130 2337 veritatis
1146 2268 1358 2336 consultam
1375 2267 1542 2337 adhiberi
1554 2271 1691 2356 agendi

355 2373 554 2441 rationem:
579 2373 668 2442 nihil
685 2386 811 2443 tamen
836 2393 859 2443 a
882 2393 1087 2462 germanae
1111 2376 1329 2464 prudentiae
1347 2374 1492 2464 legibus
1518 2383 1593 2444 tam
1609 2376 1690 2445 alie-

354 2499 456 2567 num,
476 2499 595 2568 ¹quam
620 2482 850 2550 committere
874 2492 915 2552 ut
938 2483 1064 2570 religio
1082 2483 1234 2570 impune
1258 2491 1424 2570 vexetur,
1442 2483 1567 2571 populi
1585 2485 1690 2554 salus

354 2587 389 2653 in
414 2586 615 2655 discrimen
640 2587 859 2657 adducatur.

446 2696 541 2763 Cum
553 2714 643 2762 vero
657 2695 703 2764 ad
720 2693 950 2765 firmandam
966 2697 1217 2784 concordiam,
1231 2715 1351 2785 aeque
1367 2717 1412 2766 ac
1428 2697 1474 2768 ad
1492 2705 1689 2771 actuosam

353 2801 623 2871 catholicorum
647 2803 845 2873 hominum
880 2804 1069 2873 solertiam
1095 2805 1345 2891 excitandam,
1378 2807 1471 2874 mire
1495 2807 1689 2878 efficacem

353 2909 634 2998 salutaremque
659 2909 735 2978 vim
752 2911 923 2998 habeant,
949 2913 1000 2980 uti
1024 2912 1251 2999 experiendo
1280 2918 1388 2999 patet,
1406 2915 1521 2983 annui
1544 2935 1691 2985 eorum·

353 3017 441 3084 dem
465 3021 684 3104 conventus,
710 3018 744 3085 in
769 3017 908 3106 quibus
931 3019 978 3088 dc
1003 3038 1043 3086 re
1067 3019 1258 3104 catholica,
1283 3019 1330 3086 de
1353 3019 1502 3106 piorum
1528 3041 1687 3109 operum

353 3125 477 3197 omnis
501 3125 649 3212 generis
673 3125 912 3213 incrementa,
939 3128 1211 3214 Episcoporum
1235 3128 1351 3196 ductu
1367 3133 1477 3216 atque
1501 3127 1687 3217 auspiciis,

353 3232 569 3300 eommunia
594 3232 748 3302 consilia
775 3233 1038 3320 conferuntur;
1064 3235 1147 3304 ideo
1171 3234 1412 3304 vehementer
1447 3241 1625 3324 optamus
1649 3245 1690 3306 ut.

353 3360 399 3408 ea
421 3340 564 3408 naviter
591 3339 839 3427 perficiantur,
864 3361 962 3430 equae
991 3348 1138 3412 vosmet.
1160 3361 1235 3410 non
1267 3342 1384 3411 multo
1412 3347 1507 3427 ante,
1532 3344 1604 3413 hac
1630 3363 1689 3413 su·

354 3465 420 3532 per
444 3465 497 3531 rc,
522 3452 733 3534 opportune
757 3449 965 3536 providisse
990 3449 1248 3537 cognovimus.
1272 3451 1402 3537 Neque
1426 3451 1525 3519 enim
1549 3451 1690 3520 dubita

353 3573 449 3642 muS,
475 3559 683 3624 conventus
699 3557 896 3642 eiusmodi,
922 3556 985 3643 qui
1010 3555 1145 3626 utaliis
1169 3575 1319 3643 quoque
1343 3557 1378 3625 in
1404 3556 1494 3626 locis
1511 3557 1689 3628 habereu-

353 3667 413 3730 tur
437 3659 545 3728 valde
569 3663 648 3730 Nos
671 3661 844 3732 auctores
871 3662 1020 3749 suimus,
1047 3662 1252 3732 rationibus
1287 3665 1422 3733 vestris
1457 3683 1688 3754 magnopere

353 3767 580 3855 prolaturos.
604 3808 648 3818 -
672 3770 711 3838 ln
736 3790 780 3838 eo
806 3771 916 3838 etiam
942 3769 1073 3838 sedulo
1098 3789 1167 3840 ros
1198 3771 1412 3857 prospicere
1440 3771 1554 3858 dccet,
1587 3779 1628 3841 ut
1651 3772 1686 3840 in

353 3875 643 3960 legumlatorum
679 3880 808 3944 coetus
838 3877 859 3943 ii
889 3877 956 3942 riri
992 3881 1180 3962 spectatae
1216 3877 1402 3964 religionis
1432 3877 1688 3967 probataeque

355 3984 497 4053 virtutis
521 3989 762 4071 coopteutur,
788 3983 851 4070 qui
875 3984 1044 4052 animum
1073 3992 1206 4072 gerant
1228 3991 1398 4055 tenacem
1422 3987 1610 4074 propositi,
1640 3989 1689 4055 ri-

353 4089 483 4158 delicel
499 4091 546 4159 ad
564 4091 751 4160 Ecclesiae
769 4090 894 4176 reique
911 4091 1114 4160 catholicae
1131 4091 1214 4160 iura
1230 4091 1451 4160 vindicanda
1468 4100 1687 4182 promptum

353 4215 504 4284 semper
516 4203 628 4284 atque
644 4197 819 4265 alacrem.
838 4235 880 4244 —-
897 4197 1038 4266 Videtis
1052 4205 1256 4286 practerea,
1270 4199 1514 4269 Venerabiles
1527 4201 1687 4288 Fratres,

352 4310 431 4372 tum
458 4304 741 4391 ephemeridem
766 4311 845 4373 tum
870 4304 1053 4375 librorum
1077 4325 1159 4394 ope,
1184 4309 1220 4375 in
1246 4307 1282 4375 id
1305 4307 1438 4376 acriter
1468 4308 1688 4378 incumbere

353 4412 414 4500 qui
439 4412 488 4480 ab
511 4411 676 4479 Ecclesia
706 4412 896 4496 dissident,
923 4419 962 4482 ut
985 4431 1156 4483 errorum
1193 4433 1536 4502 perversorumque
1552 4417 1690 4503 opinio·

353 4536 445 4585 mun
471 4536 614 4585 venena
639 4516 710 4586 late
734 4525 913 4605 spargant
936 4520 971 4586 in
989 4517 1136 4606 vulgus,
1155 4539 1282 4589 mores
1297 4521 1687 4610 bonoscorrumpaut,

353 4633 464 4714 atquc
488 4624 704 4692 abortione
730 4626 825 4694 ritate
849 4626 1072 4696 eluistianae
1107 4627 1380 4697 niultitudinem
1412 4627 1611 4698 abducant.
1636 4631 1689 4698 ln·
