3674 5262
339 330 379 393 ab
942 351 1076 396 nonium

336 448 569 552 percipiendi
597 448 715 528 sunus
742 407 830 527 bum
858 451 1031 554 paroecia
1059 451 1118 527 ius
1147 452 1214 544 sit,
1246 476 1289 528 ac
1318 451 1472 554 proinde
1500 450 1687 528 medietas

337 569 680 647 emolumentorum
709 595 857 675 semper
885 575 1092 674 competat,
1126 571 1218 648 licet
1244 595 1375 648 eorum
1416 571 1601 648 cadavera
1642 571 1684 648 in

339 690 489 792 publico
517 691 742 768 coemeterio
771 691 834 768 vel
862 691 1277 794 alibisepeliantur.»
1379 781 1382 786 ,

418 813 514 890 Post
542 813 688 914 aliquot
716 839 865 890 menses
893 815 938 890 ab
966 815 1070 890 edita·
1098 815 1169 890 hac
1189 839 1290 890 nova
1308 814 1514 919 appendice
1528 813 1573 890 ad
1589 813 1683 890 cleri

337 935 486 1010 romani
515 938 680 1029 statuta,
725 939 765 1011 et
801 934 972 1038 praecise
999 934 1058 1010 die
1100 935 1380 1013 2Novembris
1414 933 1531 1025 1887,
1561 932 1684 1010 Erbus

335 1053 384 1128 D.
417 1054 611 1132 Antonius
640 1055 832 1158 Diaconus
862 1055 900 1134 S.
930 1054 1076 1135 Mariae
1103 1055 1144 1130 in
1174 1055 1319 1156 Aquiro
1339 1050 1379 1131 S.
1400 1054 1452 1132 n.
1476 1053 1524 1130 Ε.
1549 1049 1688 1129 (lardi-

243 1235 247 1244 .
335 1172 436 1249 nelis
465 1173 679 1278 Pellegrini
709 1175 812 1250 viam
841 1175 1044 1251 universae
1073 1176 1200 1250 carnis
1229 1175 1427 1276 ingressus
1456 1173 1547 1265 luit,
1583 1173 1688 1247 eius-

334 1317 405 1393 que
433 1293 568 1371 funera
595 1296 636 1371 in
666 1296 839 1372 Ecclesia
866 1295 1071 1397 collegiata
1099 1297 1138 1372 S.
1171 1289 1308 1389 Marci,
1331 1295 1436 1370 intra
1473 1294 1580 1370 cuius
1616 1317 1688 1394 pa-

335 1415 480 1491 roeciae
507 1417 694 1493 ambitum
720 1417 809 1491 dum
831 1417 983 1493 viveret
1011 1416 1245 1492 domicilium
1267 1415 1466 1508 habuerat,
1489 1414 1688 1517 persoluta

333 1535 452 1612 fuere.
484 1537 663 1640 Expletis
693 1537 902 1629 funeribuS,
924 1536 1111 1639 parochus
1126 1536 1166 1613 S.
1185 1536 1330 1644 Mariae
1345 1535 1385 1612 in
1406 1534 1550 1635 aquiro
1569 1534 1687 1636 petiit

334 1657 577 1734 medietatem
605 1658 951 1736 emolumentorum
979 1657 1025 1732 ad
1056 1656 1217 1732 formam
1246 1657 1359 1732 relati
1388 1655 1545 1732 articuli
1573 1681 1595 1732 a
1624 1654 1684 1730 vi-

332 1777 435 1852 cario
463 1781 645 1881 perpetuo
672 1779 852 1855 ecclesiae
880 1779 919 1855 S.
952 1777 1088 1870 Marci,
1120 1777 1183 1878 qui
1213 1781 1343 1853 tamen
1371 1776 1567 1852 dimidiam
1587 1777 1685 1850 'tan-

334 1898 417 1972 tum
445 1921 640 1973 cereorum
667 1901 817 2001 partem
846 1897 906 1974 illi
935 1897 1059 1990 misit,
1083 1894 1316 1971 contendens
1334 1920 1488 1996 eaquae
1505 1897 1688 1997 percepta

333 2015 489 2094 fuerant
506 2017 623 2095 titulo
642 2019 842 2111 culcitrae,
865 2018 1177 2094 indumentorum
1197 2039 1390 2090 sacrorum
1410 2020 1449 2091 et
1464 2012 1685 2116 sepulturae

333 2134 433 2212 haud
460 2161 543 2214 esse
570 2138 750 2214 divisioni
779 2121 954 2214 obnoxia.
987 2137 1067 2214 Res
1087 2136 1133 2214 ad
1153 2135 1376 2225 Vicariatbs
1395 2132 1685 2216 curiamdelata

332 2255 422 2349 brit,
454 2257 578 2360 ibique
606 2261 670 2361 qui
699 2265 793 2336 tunc
820 2258 1021 2336 camerarii
1049 2257 1142 2334 cleri
1172 2283 1327 2334 munere
1356 2257 1587 2360 fungebatur
1614 2279 1686 2357 pro

331 2377 483 2480 recepto
511 2403 614 2454 more
642 2380 858 2482 opinionem
887 2403 994 2454 snam
1038 2378 1192 2480 scriptis
1230 2378 1418 2481 pandidit.
1451 2377 1553 2454 Haec
1592 2398 1682 2470 uero

332 2498 458 2600 opinio
485 2500 685 2604 praecipue
713 2500 850 2576 innixa
879 2499 1066 2604 principio
1084 2529 1102 2572 a
1127 2500 1188 2576 ubi
1208 2500 1271 2575 lex
1290 2524 1366 2576 non
1386 2497 1593 2599 distinguit
1613 2520 1683 2574 nec

332 2643 401 2696 nos
429 2619 666 2722 distinguere
694 2620 886 2715 debemus,
923 2651 940 2692 ›
973 2646 1016 2697 ac
1046 2621 1203 2723 proinde
1231 2620 1393 2723 parocho
1409 2619 1452 2696 S.
1475 2619 1621 2695 Mariae
1640 2619 1680 2696 in

332 2739 477 2840 Aquino
505 2741 614 2844 plene
643 2741 779 2817 favens
808 2743 852 2817 ab
881 2742 977 2818 Erho
1007 2743 1124 2822 Urbis
1155 2742 1310 2818 Vicario
1336 2740 1396 2817 die
1426 2741 1451 2818 7
1484 2739 1681 2816 Februarii

337 2858 439 2936 1888
468 2861 795 2939 confirmationem
837 2863 1018 2940 obtinuit.
1050 2864 1310 2940 Nihilominus
1347 2861 1447 2938 haud
1489 2860 1680 2961 acquievit

332 2979 500 3056 vicarius
527 2985 735 3084 perpetuus
779 2981 819 3059 S.
851 2983 990 3076 Marci,
1022 2985 1086 3085 qui
1114 2985 1232 3060 etiam
1270 2987 1356 3085 post
1392 2982 1485 3058 baec
1522 2980 1681 3082 petitam

332 3100 561 3177 solutionem
589 3103 810 3205 denegavit.
843 3105 951 3181 Tunc
978 3105 1175 3208 praelatus
1206 3103 1332 3196 Erhus
1375 3101 1569 3194 Vicarius‚
1606 3125 1684 3202 qua

332 3220 453 3321 pollet
481 3223 623 3299 eximia
651 3223 871 3326 prudentia,
908 3249 1057 3300 omnem
1099 3223 1273 3299 adhibuit
1311 3223 1477 3299 medium
1514 3225 1559 3297 ut
1600 3245 1678 3296 rem

333 3340 486 3441 pacifice
514 3347 770 3445 componeret,
804 3343 895 3420 licet
923 3345 1131 3419 incassum.
1163 3343 1264 3418 Hinc
1292 3367 1422 3418 mense
1450 3343 1553 3418 Maio
1573 3366 1681 3444 prae-

333 3461 440 3536 teriti
468 3462 562 3538 anni
590 3465 762 3564 quaestio
791 3489 814 3540 a
842 3463 1006 3567 parocho
1040 3463 1079 3541 S.
1112 3463 1258 3540 Mariae
1296 3464 1337 3540 in
1372 3464 1517 3565 Aquino
1553 3487 1679 3538 coram

333 3579 372 3656 S.
404 3579 451 3657 C.
485 3580 530 3659 C.
563 3582 725 3660 deducta
754 3582 844 3658 fnit.

413 3699 500 3776 Etsi
529 3727 620 3778 vero
649 3704 793 3781 vicario
828 3709 1009 3806 perpetuo
1037 3703 1077 3782 S.
1110 3705 1231 3781 Marci
1268 3709 1454 3782 terminus
1486 3703 1533 3781 ad
1564 3702 1682 3780 dedu-

331 3821 451 3898 cenda
479 3849 548 3899 sua
576 3823 662 3900 iura
689 3825 882 3927 praefixus
911 3826 1043 3919 luerit,
1076 3829 1214 3902 tamen·
1235 3825 1335 3901 nihil
1363 3826 1521 3903 deduxit
1550 3825 1590 3902 in
1619 3823 1680 3900 sui

332 3941 519 4019 favorem.

722 4135 1011 4229 Disceptatio
1042 4135 1308 4222 synoptico.

412 4305 510 4403 luna
539 4328 708 4382 rnnoonr
738 4331 777 4382 m
805 4309 973 4392 Aoumo.
1010 4307 1156 4384 Favore
1190 4309 1344 4410 parochi
1381 4310 1418 4386 S.
1452 4311 1598 4387 Mariae
1635 4310 1676 4388 in

332 4425 478 4525 Aquiro
507 4425 548 4500 in
577 4425 712 4528 primis
754 4428 946 4504 observari
980 4434 1122 4531 posset,
1153 4429 1194 4505 in
1229 4455 1319 4505 casu
1353 4436 1500 4533 partem
1536 4431 1681 4507 emolu-

332 4549 565 4641 mentorum,
610 4571 705 4647 quae
743 4547 913 4625 ecclesiis
956 4549 1178 4626 titularibus
1221 4551 1459 4653 assignatur,
1491 4553 1679 4630 rationem

332 4663 468 4742 habere
496 4673 655 4770 quartae
683 4669 915 4774 funerariae,
947 4695 1041 4772 quae
1062 4670 1101 4746 in
1123 4671 1227 4751 Urbe
1245 4674 1489 4752 medietatem
1514 4675 1680 4778 attingit
