3672 5216
320 227 376 291 138
394 282 400 294 .
873 245 1097 294 senuerimus.

322 347 525 423 ‹Parochi
555 373 602 424 ex
631 352 830 452 praecepto
857 347 988 424 divino
1016 351 1304 424 tenenturoves
1324 372 1412 455 suas
1434 371 1650 449 agnoscere,

317 470 492 570 verbique
521 468 641 544 divini
664 469 957 571 praedicatione,
980 473 1304 545 sacramentorum
1325 468 1654 546 administratione

243 585 246 590 ’
316 590 496 666 bonorum
525 591 692 666 omnium
721 614 875 692 oprrum
904 589 1076 692 exeruplo
1110 613 1284 691 pascere,
1317 615 1523 692 pauperum
1561 589 1655 664 alia-

318 709 1048 814 rumquemiserabiliumpersonarum
1081 735 1210 786 curam
1244 691 1442 812 palernam
1477 737 1589 812 agere
1616 714 1654 786 et

318 832 358 907 in
386 835 512 907 cetera
542 831 671 906 munia
700 830 907 933 pastoralia
935 831 1212 907 incumbere.»
1244 830 1297 906 ut
1326 859 1413 935 rap.
1431 831 1473 914 l,
1494 839 1585 908 sess.
1602 831 1657 908 24

317 951 446 1028 eadem
476 951 514 1027 S.
540 949 714 1052 Synodus
753 950 882 1026 addit:
919 981 935 1022 «
969 949 1084 1027 lidem
1118 951 1233 1026 etiam
1270 950 1487 1054 (parochi),
1520 950 1653 1026 saltem

316 1071 516 1146 dominicis
544 1079 583 1145 et
611 1070 697 1146 aliis
727 1055 879 1146 festivis
902 1072 1045 1164 otiolum,
1069 1097 1201 1174 pueros
1224 1075 1263 1150 in
1283 1072 1447 1174 singulis
1467 1071 1655 1175 parochiis

318 1193 403 1268 fidei
434 1191 648 1268 rudimenta
675 1197 714 1268 et
742 1193 993 1270 obedientiam
1029 1218 1120 1296 erga
1148 1195 1266 1270 Deum
1297 1199 1337 1269 et
1364 1203 1541 1297 parentes
1569 1193 1657 1268 dili-

318 1317 511 1416 genter...
533 1313 656 1388 dooeri
686 1315 924 1390 curabunt.»
960 1315 1132 1391 lamvero
1165 1316 1329 1392 dubitari
1360 1341 1433 1392 non
1463 1341 1570 1419 posse
1598 1314 1657 1388 vi-

316 1434 449 1526 detur,
483 1434 704 1510 hodiernum
733 1459 976 1512 oeconomum
1007 1437 1244 1540 spiritualem
1276 1438 1314 1513 in
1344 1438 1403 1534 his
1439 1439 1656 1514 muneribus

317 1555 428 1632 redde
455 1557 640 1632 delicere:
674 1556 708 1630 id
737 1561 933 1633 asseverat
952 1559 1186 1661 Episcopum
1219 1558 1329 1660 idque
1358 1565 1554 1634 testantur
1582 1585 1656 1635 non

318 1677 425 1778 pauei
456 1676 672 1778 parochiani
702 1677 1016 1755 claravallenses.
1661 1763 1665 1772 ,

398 1797 495 1874 Sane
525 1797 753 1900 ponderetur
782 1798 866 1874 vult
899 1801 1105 1903 Episcopus
1130 1801 1400 1904 deplorandum
1431 1825 1474 1875 ac
1501 1799 1656 1876 evidens

319 1921 485 1997 sachun:
517 1919 612 2021 quod
643 1945 774 2023 nempe
802 1925 888 2022 post
918 1927 1076 1997 mortem
1107 1923 1153 1997 P.
1176 1921 1376 1998 Michaelis
1406 1921 1502 1998 ltovi
1531 1925 1656 2000 status

317 2041 510 2144 paroeciae
539 2040 769 2144 pedetentim
799 2041 837 2116 in
867 2041 973 2142 peius
1002 2043 1122 2118 ruerit
1148 2041 1283 2142 nodum
1304 2067 1351 2116 cx
1373 2041 1658 2141 nequitatem-

316 2185 447 2264 porum
490 2165 529 2237 et
570 2159 793 2263 specialibus
829 2159 899 2236 loci
938 2161 1146 2253 adiunctis,
1179 2187 1312 2238 verum
1357 2162 1474 2238 etiam
1515 2185 1563 2236 ex
1592 2185 1658 2236 ne-

233 2325 237 2334 ·
318 2284 506 2385 gligentia
524 2306 782 2359 successorum
804 2282 965 2384 praefati
994 2283 1039 2358 P.
1065 2284 1175 2375 ltovi,
1199 2284 1300 2359 inter
1328 2307 1419 2384 quos
1449 2281 1495 2355 P.
1519 2281 1658 2366 Fanel-

318 2405 407 2498 lius,
438 2404 707 2480 sollicitudinis
735 2429 872 2506 expers
900 2429 966 2505 pro
990 2404 1203 2479 animarum
1225 2429 1329 2496 rura,
1353 2403 1478 2478 minus
1498 2402 1654 2478 idoneus

290 2523 376 2603 ¹est
403 2528 447 2604 ad
478 2526 699 2603 excitandos
727 2526 883 2630 pietatis
912 2552 955 2601 ac
985 2527 1181 2628 religionis
1205 2552 1337 2602 seusus
1357 2527 1396 2602 in
1417 2525 1658 2603 Christitlde-

315 2649 413 2727 libus
443 2650 582 2724 iarmliu
602 2647 797 2723 destitutis
818 2653 967 2750 pastore
987 2650 1198 2724 animarum
1220 2648 1336 2724 saluti
1357 2648 1538 2723 studioso.
1571 2649 1655 2728 Nisi

316 2775 514 2875 propterea
543 2769 727 2873 parochus
757 2768 922 2844 sollicite
951 2770 1183 2862 nominetur,
1207 2770 1270 2870 qui
1292 2794 1366 2845 non
1385 2773 1543 2869 quaerat
1562 2795 1656 2870 quae

316 2918 385 2968 sua
412 2895 517 2984 sunt,
541 2891 603 2966 sed
624 2915 718 2990 quae
747 2891 831 2966 lesu
861 2889 1026 2983 Christi,
1059 2891 1294 2966 incredulum
1323 2889 1406 2964 fieri
1434 2894 1558 2965 totum
1593 2914 1657 2992 po-

317 3012 447 3116 pulum
476 3015 605 3088 censet
634 3010 730 3086 idem
761 3011 993 3114 llpiscopus3
1026 3011 1085 3086 eui
1115 3011 1270 3087 chorum
1300 3015 1423 3113 agunt
1453 3036 1526 3087 non
1548 3012 1655 3114 pauci

317 3132 551 3236 parochiani,
578 3133 641 3232 qui
670 3131 891 3207 distinctius
911 3157 954 3208 ac
976 3135 1096 3236 magis
1119 3133 1285 3236 praecise
1304 3140 1485 3210 accusant
1514 3134 1560 3208 P.
1584 3135 1657 3209 Fa-

314 3253 474 3330 ¹nellium
512 3253 556 3328 de
585 3252 823 3354 negligentia
859 3253 899 3329 in
935 3253 1267 3332 Sacrarnentorum
1305 3255 1652 3347 administratione,

316 3375 560 3450 morientium
581 3373 821 3466 adsistentia,
845 3399 1044 3476 puerorum
1066 3376 1336 3470 instructione,
1355 3401 1548 3453 sacrarum
1569 3376 1656 3452 lun-

316 3495 484 3570 ctionum
514 3493 820 3596 adirnplemento,
848 3494 1027 3570 ecclesiae
1047 3496 1186 3592 nitore,
1210 3497 1412 3573 missarum
1434 3496 1654 3597 Purgatorii

317 3613 578 3690 satisfactione
606 3619 698 3707 eto,
730 3615 866 3716 quique
895 3617 961 3690 sub
990 3615 1196 3692 iuramenti
1225 3617 1296 3692 fide
1317 3619 1533 3692 testantur:
1567 3616 1656 3693 Ola-

242 3763 245 3771 ¹
316 3735 569 3814 ravallensem
615 3737 825 3836 paroeciam
868 3761 1072 3836 numquam
1114 3736 1230 3812 fuisse
1267 3738 1306 3812 in
1342 3737 1532 3813 adiunctis
1565 3735 1654 3812 adeo

317 3857 490 3961 pessimis
520 3857 645 3961 prouti
674 3855 714 3932 in
734 3882 927 3959 praesens,
950 3881 1022 3958 quo
1042 3857 1191 3958 regitur
1211 3859 1254 3933 ab
1273 3857 1484 3933 Oeconomo
1512 3859 1559 3933 P.
1584 3858 1656 3932 Fa-

318 3979 449 4055 nellio.

396 4105 457 4180 Ex
486 4099 703 4174 bisantem
736 4097 831 4176 satis
874 4124 1053 4201 apparere
1094 4098 1347 4176 deducebatur
1389 4099 1652 4174 necessitatem

316 4221 398 4297 sive
427 4221 646 4297 removendi
674 4221 718 4300 P.
739 4220 968 4313 Fanellimn,
991 4221 1073 4296 sive
1091 4222 1208 4318 alium
1240 4221 1413 4297 idoneum
1434 4220 1652 4298 nominandi

316 4343 426 4419 iuxta
455 4342 628 4444 ltpiseopi
655 4343 892 4444 petitionem.
926 4345 1051 4442 Atque
1071 4342 1144 4418 huc
1164 4342 1387 4437 insistendo,
1409 4343 1529 4444 quoad
1549 4368 1655 4444 prae·

315 4464 435 4539 fatam
464 4463 652 4565 imprimis
681 4463 928 4540 remotionem
956 4463 1033 4539 alia
1060 4489 1174 4540 causa
1202 4464 1421 4557 addebatur,
1443 4465 1570 4540 odium
1596 4465 1654 4540 vi-

316 4583 452 4659 delicet
480 4583 612 4686 plebis.
644 4583 952 4687 Quandoquidem
983 4585 1026 4664 P.
1048 4585 1258 4680 Fanellius,
1290 4589 1404 4689 prout
1424 4584 1542 4662 refert
1561 4585 1653 4689 upi-
