3650 5242
336 266 392 330 loo
928 279 1068 330 ounuuu,

333 389 373 459 et
405 381 646 484 religiosam,
678 405 811 482 nempe
845 383 1117 484 proprietatem
1151 380 1366 472 Ecclesiae,
1399 379 1555 455 minime
1583 403 1678 454 vero

331 503 544 606 presbyteri
574 491 695 580 outa:
728 524 829 576 nova
848 501 950 577 enim
980 502 1135 577 omnino
1163 499 1255 576 haec
1274 499 1450 576 doctrina
1467 501 1582 574 esset.
1615 498 1678 574 Re

331 624 434 700 enim
471 631 564 698 vera
606 621 786 702 Urbanus
819 621 875 698 ΠΙ
918 625 1092 724 rogatus¹
1113 621 1157 696 ab
1195 619 1383 722 Episcopo
1416 619 1675 718 Ariminensi,

245 815 252 827 ,
333 743 481 846 quando
508 743 627 836 locus,
651 743 783 844 inquo
811 743 1057 846 hospitantur
1084 766 1282 843 pauperes,
1315 741 1444 819 haberi
1468 741 1590 844 possit
1618 740 1678 815 uti

335 889 444 940 sacer
470 869 509 939 et
537 863 765 964 religiosus,
796 861 1015 965 respondit,
1046 861 1193 963 quando
1220 862 1346 958 fecerit
1372 861 1576 962 Pontificis
1604 887 1681 934 ou-

335 993 508 1062 cioriinic
535 985 764 1072 (destinatus,
797 1008 881 1086 cap.
905 983 961 1058 lV
992 983 1037 1058 de
1065 985 1175 1085 reliq.
1208 983 1351 1059 dornib.

418 1107 528 1182 Nunc
556 1110 703 1182 certum
732 1108 791 1180 est
828 1105 868 1180 in
897 1129 984 1180 casu
1020 1103 1185 1181 defuisse
1212 1100 1310 1188 hanc
1339 1101 1585 1204 apostolicam
1618 1101 1682 1176 in-

336 1227 602 1319 stitutionem,
634 1223 856 1324 nullumque
884 1224 1094 1325 vestigium
1124 1224 1254 1300 haberi
1282 1222 1380 1326 apud
1408 1223 1554 1298 curiam
1583 1219 1681 1298 Ora-

336 1371 506 1422 nensem.
555 1331 711 1421 Thesirn
744 1369 852 1420 suam
890 1345 1041 1421 roborat
1077 1344 1253 1421 defensor
1288 1343 1462 1445 exemplo
1491 1342 1679 1418 Advocati

335 1469 481 1570 Longo,
508 1469 572 1570 qui
591 1466 842 1568 eleemosynis
863 1465 1031 1543 fidelium
1059 1466 1235 1542 extruxit
1254 1465 1418 1567 Asylum
1438 1463 1554 1540 vallis
1573 1488 1682 1567 pom-

253 1587 255 1590 ’
337 1591 516 1691 peianae,
557 1588 694 1688 quique
732 1611 859 1663 coram
887 1589 1063 1690 gentibus
1100 1590 1160 1663 est
1188 1587 1362 1662 domiuus
1395 1585 1509 1660 huius
1538 1583 1677 1684 Asyli,

335 1711 473 1810 absque
503 1709 583 1785 ulla
609 1708 858 1811 oppositione.
891 1710 1020 1809 Neque
1044 1708 1222 1784 Summus
1242 1705 1424 1782 Pontifex
1453 1705 1683 1781 obmussita-

335 1829 408 1921 vit,
432 1829 496 1904 sed
515 1827 685 1904 eumdem
713 1826 940 1904 exhortatus
960 1831 1077 1904 estet
1096 1853 1204 1904 suam
1225 1827 1521 1902 benedictionem
1541 1823 1683 1901 adiecit

337 1949 474 2026 eidem.
581 2025 583 2031 ,

418 2068 503 2156 Qua
536 2069 581 2144 de
618 2095 658 2144 re
702 2069 735 2144 si
773 2070 973 2170 presbyter
1010 2069 1110 2146 Catii
1150 2069 1423 2170 proprietatem
1462 2064 1681 2142 huiusmodi

337 2189 466 2290 Asyli,
498 2195 629 2293 utpote
657 2188 819 2273 laicalis,
852 2189 979 2283 habet,
1012 2189 1184 2290 sequitur
1211 2188 1307 2290 quod
1326 2187 1425 2263 idem
1445 2187 1556 2278 cau,
1588 2185 1680 2261 dum

337 2309 508 2386 vendidit
536 2315 604 2386 aut
633 2309 869 2413 hypothecae
898 2311 1057 2386 subiecit
1085 2309 1226 2384 dictum
1257 2309 1420 2410 Asylum
1454 2308 1591 2409 absque
1620 2307 1682 2383 in-

337 2429 445 2506 dulto
474 2457 507 2508 s.
530 2431 650 2519 Sedis,
682 2433 843 2506 censura
861 2431 1119 2507 ecclesiastica
1148 2430 1262 2532 ligari
1283 2454 1357 2506 non
1379 2428 1504 2532 potuit
1532 2430 1579 2502 ad
1598 2432 1685 2503 tra-

338 2551 420 2627 dita
448 2577 513 2653 per
542 2552 581 2628 S.
605 2551 748 2652 Congu.
772 2551 935 2628 Concilii
965 2551 1185 2625 Borionicn.
1209 2551 1436 2626 redditionis
1457 2555 1622 2624 rationis
1645 2561 1684 2623 ci

339 2673 566 2774 beiricpluciii
593 2675 795 2773 apostolici
819 2673 846 2745 2
876 2670 1019 2745 isarni·
1046 2671 1153 2746 1839
1183 2673 1222 2770 ξ.
1255 2672 1327 2745 aii.

419 2791 478 2866 Ad
507 2790 712 2867 secundum
741 2795 926 2892 punctum
956 2816 1045 2868 suae
1075 2794 1260 2867 orationis
1299 2815 1521 2893 progressus
1550 2790 1689 2868 Advo-⁴

339 2916 462 3005 catus,
485 2913 559 2988 ait:
584 2912 714 3012 nequit
733 2913 885 2987 omnino
905 2911 1068 2988 dubitari
1088 2912 1132 2988 de
1152 2912 1303 2988 iustitia
1321 2919 1360 2988 et
1379 2913 1685 2990 rationabilitate

337 3031 572 3134 expulsionis
615 3031 779 3106 tiliarum
814 3057 846 3106 s.
879 3033 1052 3109 Teresiae
1088 3033 1133 3107 de
1162 3032 1304 3134 Asylo;
1357 3033 1446 3133 quia
1482 3033 1686 3134 presbyter

341 3152 451 3244 Cata,
475 3156 518 3228 ut
537 3151 681 3228 abunde
708 3151 1007 3228 demonstratum
1028 3152 1119 3244 fuit,
1150 3155 1210 3228 est
1219 3152 1401 3228 dominus
1420 3152 1525 3228 illius
1544 3151 1679 3254 Asyli,

339 3297 440 3348 nunc
468 3265 575 3348 nulla
604 3271 666 3347 lex
695 3276 763 3347 aut
781 3272 908 3348 civilis
937 3276 1003 3348 aut
1021 3272 1279 3348 ecclesiastica
1310 3275 1415 3348 vetat
1434 3272 1585 3348 domino
1604 3273 1704 3357 dis-,

339 3417 477 3496 ponere
496 3393 541 3468 de
565 3418 707 3469 resua.
739 3393 809 3470 Sed
838 3399 1035 3496 praeterea
1063 3394 1283 3494 Religiosae
1310 3392 1409 3469 istae
1436 3401 1548 3470 erant
1577 3419 1686 3470 amo-

338 3512 492 3606 vitiles,
524 3514 622 3589 sicut
652 3515 814 3590 relatum
844 3514 919 3590 fuit
948 3515 1132 3618 Episcopo
1167 3538 1264 3589 novo
1292 3513 1411 3590 Orani
1440 3514 1484 3589 ab
1511 3513 1684 3592 inimicis

339 3633 507 3710 eiusdem
536 3633 651 3726 Cata3
701 3638 740 3710 et
777 3631 906 3710 innuit
934 3631 1047 3726 Ossd,
1088 3633 1292 3709 institutor
1320 3634 1456 3710 harum
1485 3633 1681 3728 filiarum,

340 3753 404 3854 qui
433 3754 598 3830 scribens
627 3755 673 3831 ad
701 3755 1085 3858 Archipreshyterurn
1109 3753 1242 3847 Orani,
1274 3755 1473 3831 minitavit
1502 3779 1685 3832 revocare

340 3874 440 3950 filias
468 3874 554 3952 illas
583 3878 627 3953 ab
657 3876 804 3971 Africa,
827 3877 900 3952 nisi
919 3876 1190 3977 responderent
1210 3875 1409 3952 directioni
1429 3874 1623 3980 spirituali
1642 3879 1685 3952 et

340 3997 612 4072 oeconomicae.
645 3998 755 4074 Nunc
783 3997 816 4072 si
844 4019 1038 4072 removere
1060 3997 1187 4098 potuit
1215 3997 1368 4072 illorum
1389 3997 1606 4091 institutor,
1638 4021 1685 4074 eo

339 4118 463 4217 magis
491 4117 633 4193 valebit
660 4119 833 4193 domiuus
862 4116 990 4217 Asyli.

421 4239 549 4340 Neque
577 4239 734 4316 obiicere
763 4237 883 4329 valet,
914 4237 1105 4313 neminem
1134 4239 1320 4314 removeri
1349 4261 1457 4339 posse
1485 4263 1508 4313 a
1531 4237 1688 4340 proprio

341 4359 461 4436 officio
490 4361 627 4460 absque
655 4360 758 4434 iusta
784 4361 824 4433 et
852 4357 1074 4436 rationabili
1106 4383 1237 4452 causa3
1274 4357 1415 4460 eoquod
1443 4358 1485 4434 in
1514 4357 1688 4434 themate

340 4504 415 4557 non
445 4481 647 4556 defuerunt
676 4478 941 4580 pravissimae.
991 4477 1100 4581 Ipsae
1132 4479 1232 4556 enim
1262 4478 1505 4581 Religiosae,
1546 4478 1687 4580 absque

340 4626 527 4679 consensu
556 4599 767 4704 presbyteri
796 4597 893 4676 Catu
934 4625 1135 4676 numerum
1164 4603 1332 4702 ipsarum
1362 4602 1555 4676 auxerunt
1582 4599 1627 4677 de
1656 4600 1685 4675 5
