3650 5242
298 272 339 336 92
854 289 1074 336 cnsrmnnurs

256 490 259 498 Α
300 389 437 465 bardus
466 389 695 484 liabebatur3
719 391 985 484 nihilominus,
1009 397 1051 466 ut
1081 392 1181 493 patri
1202 385 1344 468 morem
1364 395 1527 492 gereret,
1550 389 1640 480 rite,

301 533 428 586 coram
457 511 631 590 Ecclesia
658 512 718 588 die
750 512 808 590 164
826 511 1040 588 Decembris
1065 511 1167 590 1874
1195 513 1234 588 in
1263 511 1550 588 matrimonium
1571 509 1646 588 Oa-

301 629 383 706 rolo
411 655 450 706 se
478 633 703 708 coniunxit:
734 633 862 733 itaque
891 631 1221 726 condormierunt,
1260 631 1325 708 sed
1353 631 1443 706 licet
1471 629 1646 732 copulam

303 750 448 827 fuerint
476 753 624 855 experti
654 753 812 855 pluries,
844 759 882 828 et
909 752 1059 828 iteratis
1088 753 1247 845 vicibus
1280 776 1474 852 nunquam
1498 755 1642 842 tamen,

182 891 187 900 ’
292 896 372 947 nec
401 872 540 947 leviter
575 898 657 948 eam
695 873 873 974 perficere
912 876 1133 972 potuerunt.
1177 871 1315 946 Virum
1354 871 1454 946 enim
1494 869 1564 946 tali
1584 893 1646 946 ac

304 996 415 1071 tanta
444 990 657 1093 frigiditate
675 991 855 1068 affectum
875 1016 971 1085 esse,
994 1016 1132 1093 sponsa
1151 992 1347 1094 cognovit,
1370 995 1413 1066 ut
1442 1014 1510 1066 nec
1530 1013 1650 1065 mem-

301 1113 411 1188 brum
440 1113 501 1188 vel
530 1113 669 1190 leviter
696 1115 842 1214 erigere
871 1119 910 1188 ct
938 1119 1214 1214 consequenter
1242 1137 1310 1188 nec
1347 1135 1474 1188 semen
1505 1107 1650 1212 prolifi-

302 1233 390 1307 cum'
416 1233 550 1308 eiicere
579 1257 744 1334 unquam
775 1233 956 1334 potuerit,
989 1233 1087 1308 unde
1115 1232 1217 1310 irriti
1246 1257 1394 1335 semper
1420 1237 1458 1307 et
1488 1229 1647 1306 inutiles

303 1353 572 1452 subsequentes
591 1376 817 1454 congressus
837 1353 1045 1430 redierunt.
1070 1354 1197 1431 Caroli
1218 1359 1341 1456 pater,
1373 1378 1412 1428 re
1437 1356 1644 1454 comperta,
1686 1413 1694 1436 ,

305 1472 471 1548 Medicas
490 1474 696 1566 consuluit,
729 1475 932 1575 pharmaca
951 1474 1123 1550 adhibuit
1143 1475 1206 1551 scd
1228 1475 1385 1567 frustra,
1412 1461 1456 1548 ac
1476 1471 1644 1563 tandem,

305 1595 373 1670 vix
402 1596 591 1690 credibile,
623 1602 759 1674 vocata
788 1597 1001 1688 meretrice,
1034 1622 1158 1672 coram
1189 1621 1250 1687 se,
1289 1621 1375 1672 cum
1403 1621 1447 1672 ea
1474 1593 1650 1696 copulam

304 1716 470 1818 experiri
499 1715 625 1811 iussit,
657 1721 727 1794 sed
748 1716 860 1792 irrito
879 1720 1032 1792 conatu.
1065 1721 1127 1797 Ex
1154 1717 1215 1792 his
1235 1717 1355 1818 igitur
1375 1715 1485 1792 facile
1513 1713 1649 1816 digno-

304 1837 427 1913 scitur
456 1838 636 1914 Carolum
656 1837 746 1914 Cler
774 1840 877 1912 certat
897 1837 1141 1937 absolutdque
1160 1837 1385 1940 impotentia
1408 1835 1649 1912 antecedenti

307 1955 497 2033 laborare:
530 1955 682 2058 ideoque
722 1981 790 2032 nec
818 1956 1096 2058 permittenda,
1139 1959 1195 2032 uti
1224 1958 1358 2034 docent
1387 1957 1567 2056 Theologi
1605 1979 1651 2030 ac

306 2078 562 2170 Canonistae,
602 2077 786 2154 ulteriora
820 2077 1103 2178 experimenta,
1145 2103 1231 2153 cum
1259 2078 1341 2181 ipso
1374 2078 1455 2154 iure
1490 2082 1652 2152 naturae

307 2197 414 2272 nefas
443 2197 494 2272 sit
523 2200 714 2273 attentare
742 2198 915 2300 copulam
945 2221 1029 2272 oum
1060 2197 1286 2299 impotentia
1313 2199 1366 2273 sit
1389 2198 1503 2274 aliter
1530 2199 1647 2288 certe,

305 2305 359 2394 et'
374 2323 510 2420 aperte·
531 2319 700 2418 cognita,
731 2321 771 2392 et
798 2319 969 2419 probata.

389 2437 488 2527 Quid
516 2438 663 2514 interca
692 2438 736 2513 de
766 2437 954 2530 Paulina,
991 2462 1085 2538 quae
1114 2463 1181 2514 neo
1212 2443 1349 2540 nupta,
1391 2462 1460 2513 nec
1488 2437 1650 2538 innupta

308 2558 516 2634 remansit‘l
546 2557 688 2660 Elapso
716 2557 913 2660 septennio
941 2585 964 2634 a
992 2557 1187 2634 Tribunali
1217 2558 1323 2634 civili
1357 2583 1421 2634 an.
1459 2557 1555 2634 1881
1590 2581 1652 2658 pe·

255 2689 259 2698 '
309 2679 387 2769 tiit,
419 2679 656 2780 obtinuitque
685 2679 971 2754 dissolutionem
999 2682 1242 2773 contractuS,
1285 2687 1437 2780 propter
1465 2679 1655 2780 impoten-

309 2801 404 2877 tiam
443 2799 571 2876 Caroli
610 2799 786 2900 legaliter
825 2825 890 2874 seu
928 2798 1161 2876 iudicialiter
1193 2825 1216 2875 a
1252 2799 1418 2887 Medicis,
1448 2802 1649 2874 assertam.

310 2920 381 2997 Sed
408 2919 495 2996 inde
526 2919 690 2995 Paulina
717 2944 831 2995 coeno
859 2944 985 3008 amore
1015 2919 1185 3011 seducta,
1218 2920 1329 2996 alteri
1352 2921 1445 2995 Viro
1465 2945 1504 2995 se
1532 2919 1649 3011 dedit,

308 3044 349 3115 et
375 3039 503 3132 civile,
535 3039 592 3115 uti
622 3045 774 3129 vocant,
807 3038 1092 3115 matrimonium
1121 3043 1331 3132 contraxit,
1362 3044 1401 3115 et
1430 3039 1539 3116 hodie
1567 3063 1654 3114 cum

309 3183 353 3234 eo
380 3160 496 3235 vivit.
528 3161 712 3235 Attamen
742 3159 850 3234 modo
878 3160 1133 3237 conscientiae
1167 3161 1334 3236 stimulis
1363 3160 1512 3261 agitata
1539 3157 1656 3234 velie-

310 3284 459 3355 menter
478 3283 586 3381 optat
606 3304 733 3381 pacem
754 3305 839 3355 cnm
860 3279 938 3354 Deo
958 3303 1193 3383 componere,
1216 3281 1298 3356 ideo
1317 3287 1428 3382 rogat
1448 3281 1514 3358 SS.
1533 3280 1581 3356 D.
1600 3279 1650 3354 N.

310 3399 472 3500 supplici
502 3397 650 3478 libello,
691 3403 735 3474 ut
763 3399 942 3500 dignetur
980 3401 1230 3502 pronunciare
1265 3400 1486 3477 nullitatem
1517 3400 1656 3476 matri-

312 3519 430 3594 monii
451 3543 536 3594 cum
553 3518 690 3596 Oarolo
710 3517 813 3607 Oler,
845 3545 919 3621 qua
937 3523 1092 3596 obtenta
1109 3546 1149 3596 se
1178 3520 1349 3622 legitime
1369 3522 1547 3622 coniungi
1567 3545 1654 3596 cum

310 3639 433 3714 altero
462 3631 616 3740 poterit.

392 3759 477 3834 Ideo
506 3759 838 3860 modoquaeritur
867 3765 997 3836 utrum
1027 3761 1312 3837 matrimonium
1345 3762 1445 3836 inter
1473 3759 1654 3837 Carolum

314 3883 418 3978 Oler,
450 3889 489 3959 et
518 3885 720 3960 Paulinam
742 3884 1007 3962 Gambardella
1029 3884 1193 3969 nullum,
1225 3886 1452 3986 irritumque
1472 3885 1588 3960 fuerit
1607 3909 1656 3960 ex

312 4005 581 4106 impedimento
610 4006 855 4107 impotentiae
885 4007 924 4080 in
954 4006 1052 4097 vinc,
1085 4009 1124 4079 et
1153 4032 1202 4082 an
1231 4007 1518 4110 matrimonium
1547 4029 1658 4080 man·

312 4124 409 4202 serit
429 4127 792 4202 inconsummatum:
825 4125 888 4201 sed
918 4126 1073 4226 probata
1092 4126 1131 4201 in
1161 4127 1257 4202 Viro
1276 4126 1449 4204 absoluta
1467 4127 1658 4228 impoten-

312 4249 370 4323 tia
398 4246 717 4324 inconsummatio
745 4245 857 4347 plane
886 4246 1073 4347 sequitur.

394 4367 454 4444 Ad
482 4367 780 4468 consequendam
801 4367 1020 4459 veritatem,
1045 4368 1249 4444 secundum
1279 4369 1377 4461 iura,
1401 4367 1446 4442 ad
1467 4368 1656 4442 trutinam

314 4489 598 4592 perpendendae
627 4480 717 4565 sunt
751 4488 766 4563 l
801 4487 1016 4588 Ooniugum
1037 4489 1306 4564 confessiones.
1324 4489 1363 4563 ’2
1392 4487 1564 4564 Testium
1592 4485 1660 4562 de-

313 4610 533 4714 positiones.
567 4611 591 4688 3
620 4610 837 4686 Peritorum
858 4606 1010 4700 iudicia,
1033 4633 1098 4683 seu
1117 4609 1385 4711 inspectiones.
1418 4607 1457 4685 Si
1486 4631 1535 4684 ex
1553 4605 1658 4684 hisce
