3674 5262
329 202 368 264 82
949 218 1051 264 ruere

331 344 348 385 a
373 339 460 390 mus
476 323 590 408 Rovo,
609 321 769 388 loannes
781 319 941 388 Alcober
953 325 987 388 et
1005 322 1227 390 Franciscus
1240 319 1337 404 Dian,
1355 337 1400 386 eo
1417 319 1519 406 quod
1535 321 1670 390 eadem

330 451 349 491 a
372 427 466 496 falsa
490 427 657 494 doctrina
681 427 718 492 in
750 444 918 494 errorem
943 445 987 494 ac
1017 427 1276 514 deceptionem
1304 411 1455 512 plebem
1482 425 1672 496 inducant,

331 533 630 604 «decollationis
656 533 708 601 rei
741 533 999 618 declarantur,
1034 535 1099 602 sed
1132 534 1168 600 in
1200 533 1416 602 carceribus
1447 552 1590 600 novum
1615 535 1674 602 de

332 647 520 712 «eretum
545 645 752 726 expectent.
778 663 795 702 »
826 640 948 708 Veluti
978 645 1136 725 nautae,
1165 640 1229 726 qni
1252 639 1363 728 longo
1400 641 1515 708 maris
1546 641 1673 710 itinere

328 749 493 835 conlecti,
511 754 679 835 optatum
697 748 850 820 tandem
873 752 1025 833 portum
1041 749 1312 834 conspicerent,
1335 747 1468 816 laetitia
1484 753 1520 840 et
1535 747 1672 835 gaudio

299 869 302 876 '
330 858 499 928 maximo
517 858 549 924 V
552 856 763 926 enerabiles
775 855 841 922 Dei
858 851 987 922 lauulli
1003 855 1225 924 sententiam
1241 855 1435 924 audientes
1451 854 1672 942 afficiuntur,

330 966 398 1036 sed
421 965 612 1034 intensiori
636 964 772 1031 idcirco
790 963 827 1030 in
843 961 1066 1032 catholicam
1090 960 1206 1032 fldem
1231 962 1316 1030 odio
1341 963 1595 1032 exardescens
1611 965 1675 1032 im-

328 1075 473 1162 probus
497 1073 676 1140 Pro-Rex
702 1070 824 1140 sertim
841 1069 944 1138 illam
968 1070 1015 1138 ad
1033 1070 1301 1156 Imperatorem
1319 1070 1537 1138 mittendam
1557 1077 1672 1158 curat,

330 1198 550 1268 supremam
564 1179 682 1266 ipsius
699 1177 931 1246 sanctionem
949 1176 1070 1245 enixis
1086 1177 1262 1264 precibus
1274 1176 1532 1264 expostulans.
1549 1181 1673 1259 Quare

328 1307 472 1375 paucos
496 1293 581 1373 post
604 1304 767 1366 menses,
785 1283 1008 1354 confirmata
1025 1286 1074 1353 ab
1090 1286 1320 1372 Imperatore
1347 1285 1538 1370 sententia,
1556 1287 1675 1354 l'ene-

329 1395 457 1466 rabilis
473 1391 539 1461 Dei
552 1391 718 1462 famulus
742 1392 875 1459 Petrus
892 1393 999 1478 Sanz,
1017 1393 1228 1478 Episcopus
1244 1391 1580 1477 Mauricastrensis,
1598 1410 1677 1460 car·

328 1521 414 1571 cere
439 1501 597 1570 eductus
612 1491 745 1566 'denno
770 1498 816 1568 ad
847 1499 1058 1585 Pro-Regis
1082 1498 1243 1567 tribunal
1274 1499 1448 1582 trabitur;
1472 1498 1521 1566 ibi
1544 1509 1688 1566 coram

330 1609 435 1678 urbis
467 1608 725 1675 Gubernatore
762 1611 797 1674 et
826 1605 975 1674 militiae
1006 1604 1197 1674 Praefecto
1229 1606 1264 1672 in
1295 1624 1421 1692 genua
1450 1603 1676 1691 provolutus

329 1714 483 1784 feralem
515 1714 737 1812 sententiam
767 1732 1064 1800 supremamque
1094 1712 1192 1780 illius
1221 1713 1453 1782 sanctionem
1484 1713 1603 1798 audit,
1628 1731 1675 1780 ac

331 1841 424 1890 mox
447 1819 585 1907 duplici
609 1819 697 1888 lune
721 1820 883 1889 brachiis
907 1827 993 1908 post
1017 1825 1163 1908 tergum
1190 1819 1331 1904 vinctis,
1357 1821 1403 1890 ad
1432 1819 1602 1906 supplicii
1626 1820 1676 1888 lo

331 1946 421 1996 cum
446 1926 578 1994 milites
602 1927 695 1994 inter
719 1926 788 1994 hae
807 1926 953 1995 lictores
977 1927 1123 1996 incedit.
1149 1925 1369 2011 Inscriptam
1394 1927 1430 1994 lu
1448 1927 1540 1994 baec
1558 1927 1675 1996 verba

327 2033 503 2104 tabellam
530 2031 625 2100 collo
658 2032 790 2101 Christi
822 2034 964 2119 blartyr
994 2033 1165 2120 gerebat:
1201 2053 1218 2094 «
1244 2033 1399 2100 Decreta
1433 2033 1675 2118 Imperatoris

332 2141 493 2226 «capite
518 2137 702 2225 plectitur,
728 2144 925 2224 propterea
958 2138 1059 2225 qnod
1088 2137 1184 2207 laisa
1207 2137 1372 2206 doctrina
1396 2139 1569 2231 decipiat,
1595 2159 1677 2225 per-

333 2269 352 2312 «
376 2251 569 2334 vertatque
593 2247 710 2314 corda
733 2247 1198 2330 llominurn,eiusrronre11
1223 2252 1280 2314 est
1303 2247 1445 2332 Petrus,
1463 2246 1509 2315 sit
1531 2247 1677 2316 cunctis

332 2355 410 2422 «in
442 2353 672 2440 exemplum.
698 2375 715 2416 ›>
746 2353 944 2422 Praeclara
979 2354 1070 2422 tristi
1106 2353 1141 2421 in
1177 2355 1305 2422 itinere
1342 2353 1489 2439 pietatis
1522 2352 1677 2422 eharita-

329 2463 451 2550 tisque
476 2461 525 2530 ab
548 2461 630 2547 ipso
655 2465 878 2550 argumenta
902 2459 1012 2545 edita,
1039 2479 1212 2529 moerore
1239 2479 1283 2528 ac
1312 2459 1452 2528 tristitia
1481 2461 1675 2546 oppressis

328 2567 503 2640 fidelibus
529 2588 547 2630 v
571 2567 670 2634 bono
695 2565 821 2634 annno
856 2571 990 2652 estote,
1016 2567 1151 2651 aiebat,
1177 2568 1332 2652 optime,
1358 2567 1511 2652 optime,
1547 2585 1673 2635 nonne

333 2695 351 2737 v
375 2675 542 2762 gaudere
566 2673 750 2740 debemus
774 2672 877 2759 quod
901 2680 1052 2760 propter
1069 2673 1191 2760 legem
1210 2673 1275 2741 Dei
1291 2673 1407 2742 nostri
1431 2674 1669 2742 morimurt»

330 2780 498 2850 Mortalis
533 2777 609 2847 lere
645 2779 843 2866 impatiens
875 2780 1009 2848 vinculi
1044 2779 1185 2850 fervida
1215 2799 1300 2849 sese
1328 2780 1363 2846 in
1397 2781 1517 2848 Deum
1548 2799 1673 2868 preca-

329 2887 428 2956 tione
451 2885 648 2972 attollebat
676 2891 812 2972 utque
844 2889 1128 2973 superlrumano
1163 2886 1341 2974 flagraret
1371 2888 1508 2974 gaudio
1535 2907 1584 2956 ex
1607 2907 1672 2957 ore

297 2989 300 2996 ⁴
329 2996 411 3082 ipso
430 2993 608 3080 vultuque
626 2993 819 3062 emicabat.
838 2993 911 3062 Ubi
926 2998 1081 3062 ventum
1099 2993 1207 3062 estin
1226 2993 1394 3080 supplicii
1411 2992 1546 3079 locum,
1563 2996 1672 3064 iussu

329 3100 514 3172 carnificis
539 3119 663 3188 genua
686 3099 813 3187 flectit,
838 3121 882 3169 ac
907 3101 1032 3168 solum
1056 3101 1105 3168 ab
1129 3099 1189 3168 illo
1218 3105 1363 3168 tantum
1387 3101 1568 3188 temporis
1591 3121 1673 3189 spa-

328 3211 422 3277 tium
447 3221 588 3294 exorat,
617 3209 738 3276 donec
761 3213 915 3295 coeptas
949 3227 1082 3296 preces
1110 3205 1302 3293 absolvat;
1328 3208 1386 3276 bis
1417 3209 1587 3295 peractis,
1612 3207 1672 3278 ad·

328 3335 491 3385 monens
514 3313 695 3402 lictorem,
721 3323 762 3385 ut
783 3317 854 3386 cito
877 3335 1019 3386 munus
1044 3333 1157 3384 suum
1183 3314 1341 3401 expleat,
1356 3315 1452 3386 ultro
1477 3317 1671 3405 libensque

327 3424 512 3493 cervicem
538 3423 661 3490 securi
684 3423 848 3510 praebet.
875 3425 1015 3492 Interea
1041 3426 1202 3510 quatuor
1231 3421 1290 3490 alti
1314 3423 1532 3509 superstites
1557 3426 1674 3496 Vene

328 3530 466 3599 rabiles
490 3531 555 3597 Dei
578 3528 717 3614 lamuli,
743 3549 887 3599 novum
912 3531 947 3598 in
969 3529 1149 3599 custodiis
1164 3529 1359 3598 decretum
1376 3537 1499 3600 erecto
1515 3551 1559 3599 ac
1575 3531 1673 3602 flecti

328 3638 456 3707 nescio
480 3638 606 3704 animo
624 3639 882 3724 expectabant.
901 3639 1069 3706 Inustam
1085 3637 1122 3704 in
1139 3636 1230 3706 lacie
1247 3637 1454 3706 barbarum
1471 3637 1507 3704 in
1524 3657 1672 3708 morem

328 3745 459 3813 mortis
483 3745 704 3814 sententiam
728 3746 838 3832 quasi
868 3745 1007 3832 gloriae
1032 3745 1184 3832 signum
1212 3743 1387 3814 fidelibus
1415 3744 1671 3832 ostendebant,

328 3873 373 3924 ac
400 3853 532 3940 iugiter
561 3852 718 3940 supplici
746 3872 857 3940 prece
885 3854 1006 3920 Deum
1037 3852 1379 3939 prosequebantur,
1409 3871 1456 3920 ne
1487 3851 1673 3922 desidera·

328 3960 471 4030 tissima
503 3960 670 4046 martyrii
694 3958 819 4046 palma
844 3958 1144 4028 destituerentur.
1180 3957 1259 4027 lam
1284 3958 1358 4027 bini
1383 3963 1468 4044 post
1491 3957 1673 4046 inclytum

327 4067 650 4135 Mauricastrensis
673 4066 815 4135 obitum
841 4063 1068 4134 effluxerant
1091 4085 1258 4150 menseS,
1284 4085 1370 4134 curn
1397 4065 1445 4152 pii
1469 4067 1669 4136 cuiusdam

329 4173 539 4244 Sacerdotis
563 4173 754 4257 industria,
779 4172 926 4241 detento
951 4173 987 4239 in
1011 4171 1116 4241 urbis
1133 4174 1304 4241 Fo-clleu
1329 4173 1543 4242 carceribus
1560 4176 1672 4242 Fran-

328 4281 427 4350 cisco
451 4281 613 4350 Serrano
638 4282 781 4350 Literae
797 4281 1032 4367 apostolicae
1056 4287 1145 4349 sunt
1166 4280 1329 4365 traditae,
1347 4299 1510 4367 quarum
1528 4282 1563 4348 vi
1578 4282 1670 4368 ipse,

328 4388 537 4476 Episcopus
561 4388 796 4474 Tipasitanus
825 4389 1071 4473 renuntiatus
1097 4388 1132 4455 in
1165 4387 1426 4458 Condiutorem
1451 4389 1546 4456 Petri
1578 4379 1672 4458 Mar·

328 4497 419 4584 tyris
442 4497 539 4566 Sanz
563 4514 632 4582 pro
650 4495 838 4565 Vicariatu
861 4495 1073 4582 Apostolico
1097 4495 1310 4582 provinciae
1326 4495 1487 4564 Fo-kien
1504 4493 1671 4584 regendo
