3674 5262
666 227 708 274 nx
731 227 757 272 s.
775 227 805 273 c.
823 227 946 274 nrruou
1066 221 1079 254 ⁸
1442 208 1481 272 ll)

132 353 153 400 e
176 329 304 400 medio
327 329 470 415 ablatis
496 347 541 398 ac
565 328 662 398 duce
686 327 941 415 placidissimo
958 333 1080 414 vento;
1094 347 1190 418 vaga
1213 329 1248 398 S.
1266 329 1362 398 Petri
1376 329 1481 417 Cym·

132 437 177 506 ba
203 443 365 525 occupet
386 441 538 524 portum
562 435 599 504 in
623 434 871 523 pulcritudine
896 439 931 504 et
954 436 1142 522 opulentia
1167 436 1280 522 pacis.

198 547 364 616 Demum
389 543 576 632 respicere
601 543 807 631 dignamini
831 543 879 612 ad
903 541 1154 612 fervidissima
1178 547 1264 612 vota
1294 547 1483 630 praestan·

130 653 264 724 tissimi
289 652 366 720 Viri
391 651 568 740 Religiosi
592 652 630 719 P.
649 651 689 718 D.
714 650 861 738 Aloysii
882 651 1031 738 losephi
1056 650 1102 720 de
1119 651 1330 737 Vaulchier,
1356 653 1483 722 Postu·

131 759 261 830 latoris
285 763 321 829 et
344 759 604 828 Procuratoris
628 757 822 828 Generalis
847 758 995 827 Ordinis
1011 759 1225 846 supradicti,
1247 759 1309 846 qui
1326 760 1481 846 sapient

130 867 300 954 consilio,
324 867 571 955 plurimisque
595 865 767 935 adhibitis
790 866 901 953 curie,
926 867 1025 934 hanc
1048 867 1106 934 sui
1142 865 1289 934 Ordinis
1324 865 1482 954 gloriam

130 993 151 1044 e
175 975 355 1062 sepulcro
380 973 567 1043 evocavit
583 973 642 1042 Ad
666 973 883 1042 huiusmodi
906 975 1003 1043 Vola
1019 973 1275 1044 lubentissime
1291 973 1430 1043 accedo
1447 977 1484 1043 et

130 1099 215 1168 ego,
240 1099 374 1150 eorum
400 1080 730 1167 rationabilitatem,
756 1081 1053 1169 gravitatemque
1077 1080 1349 1152 confirmando.

505 1304 1120 1334 ——vmamoa—-w

128 1521 273 1580 vttvtll.
294 1523 323 1580 el
340 1521 525 1580 sutanum.
546 1522 687 1580 nuenton
710 1521 929 1579 conflrnntlmlz
951 1523 1045 1580 nultus
1064 1523 1100 1579 ab
1119 1523 1327 1580 innencrailll
1358 1524 1482 1592 tenpore

205 1611 337 1680 pnocntt
350 1625 412 1670 von.
427 1613 517 1669 Servo
531 1611 577 1668 nel
592 1611 672 1668 falco
684 1611 821 1669 tramitae
836 1612 950 1680 patrono
964 1611 1058 1681 llppldl
1069 1613 1188 1670 Palmae
1201 1613 1299 1670 mnne
1313 1615 1479 1682 nunovpnlo.

225 1810 324 1880 inter
346 1813 491 1878 ceteros
514 1809 626 1895 virae,
650 1809 716 1896 qui
739 1827 814 1877 non
839 1808 954 1878 modo
977 1809 1082 1878 verbi
1102 1812 1170 1878 Dei
1192 1811 1481 1898 praedicatione,

130 1916 199 1986 scd
227 1918 339 1986 eliam
363 1915 673 2002 praeclarissimis
697 1916 876 1984 virtutum
901 1914 1086 2003 exemplis
1102 1916 1301 1984 Dioecescs
1324 1917 1484 1986 Valven-

131 2043 217 2094 sem
243 2029 282 2092 et
304 2023 596 2102 Sulmonensem
620 2021 864 2108 illustrarunt
892 2021 1027 2090 Falcus
1049 2023 1211 2092 Eremita
1239 2024 1320 2092 iure
1343 2043 1483 2094 connu-

129 2131 344 2200 merandus
367 2133 433 2200 est.
459 2129 495 2197 Is
512 2148 587 2198 una
611 2147 700 2198 cum
717 2127 798 2197 aliis
813 2147 883 2197 sex
899 2128 1156 2214 AnachoretiS,
1174 2130 1269 2198 duce
1293 2129 1484 2201 Hilarione

130 2239 291 2324 Abbate,
309 2239 423 2306 vitam
440 2235 571 2304 mundi
586 2236 743 2322 eiusque
767 2233 962 2303 illecebras
978 2239 1233 2321 contemnens,
1252 2236 1483 2307 eCalabriae

131 2345 288 2428 tinibus,
313 2343 592 2412 Saracenorum
623 2341 740 2410 armis
763 2359 807 2410 ac
831 2341 1096 2409 vexationibus
1124 2343 1344 2430 exagitatae,
1369 2345 1406 2412 in
1431 2363 1486 2413 re-

131 2458 287 2542 gionem
313 2451 504 2539 Pelignam
527 2450 799 2538 commigravit,
816 2451 881 2521 ubi
905 2455 946 2520 ut
968 2453 1115 2522 animas
1140 2455 1217 2522 Deo
1242 2455 1483 2544 lucrifaceret,

131 2576 333 2648 tanlquam
349 2559 511 2628 eximius
529 2558 661 2627 Christi
679 2556 826 2626 adiutor
843 2564 994 2627 strenue
1010 2557 1252 2630 adlaboravit.
1278 2564 1484 2649 Postquam

131 2687 225 2738 vero
250 2684 341 2736 cum
366 2665 476 2734 sociis
500 2665 802 2752 quamplurimos
826 2665 1079 2752 epcrditionis
1105 2667 1163 2736 via
1187 2669 1235 2738 ad
1260 2668 1392 2740 salutis
1415 2675 1487 2740 tra·

132 2777 265 2844 mitem
290 2773 531 2858 revocaverit
557 2773 698 2840 meritis
723 2771 858 2859 plenus
881 2773 1044 2842 constitit
1065 2775 1100 2842 in
1119 2773 1279 2844 silvestri
1302 2775 1483 2864 oppidulo

133 2885 205 2952 sito
231 2899 350 2968 supra
365 2883 531 2948 montem
548 2897 666 2966 prope
683 2879 871 2966 Palmam,
891 2879 952 2948 ubi
975 2879 1089 2950 vitam
1108 2881 1310 2951 solitariam
1328 2882 1482 2970 ducens

130 2989 338 3058 «rachelem
364 2987 574 3066 beatitatem
599 2985 724 3054 adhuc
747 2987 909 3055 interris
934 2986 1049 3055 libare
1074 2988 1179 3057 visus
1203 2995 1269 3057 est.
1295 2991 1418 3070 Quare
1435 2991 1484 3058 di-

132 3097 256 3164 lectus
279 3095 357 3162 Deo
374 3097 409 3161 ct
426 3092 642 3161 hominihus
666 3093 754 3160 inibi
778 3091 1030 3180 placidissime
1055 3092 1102 3164 ad
1127 3113 1288 3181 superos
1312 3097 1485 3183 evolavit,

132 3203 385 3292 sepultusque
415 3199 483 3270 fuit
504 3203 541 3268 in
566 3201 730 3270 Ecclesia
759 3201 832 3269 sub
864 3201 967 3270 titulo
999 3201 1124 3270 Sancti
1148 3203 1291 3292 Aegidii
1318 3205 1486 3274 Abbatis.

130 3315 225 3382 Eius
250 3309 469 3397 sepulcrum
493 3308 588 3378 adeo
611 3308 680 3377 fuit
708 3307 927 3396 gloriosum,
952 3315 995 3377 ut
1017 3309 1207 3395 extemplo
1236 3309 1400 3380 Ecclesia
1424 3310 1486 3380 illa

131 3439 211 3488 non
236 3418 363 3486 solnm
389 3407 482 3484 vo'ce
505 3413 808 3484 Chrislitldelium
831 3418 868 3483 et
890 3415 1165 3502 Episcoporum
1195 3435 1402 3505 consensu,
1428 3437 1488 3487 ve·

131 3545 222 3596 rum
247 3524 360 3595 eliam
385 3541 435 3591 ex
458 3521 564 3592 Bulla
585 3523 733 3592 Summi
748 3519 938 3590 pontilicis
962 3523 1165 3593 Innocentii
1189 3524 1278 3611 VII,
1297 3525 1361 3610 qui
1377 3529 1486 3595 antea

132 3633 257 3702 luerat
278 3631 491 3702 Canonicus
514 3627 745 3698 cathedralis
769 3627 950 3696 Basilicac
979 3628 1241 3697 Sulmonensis
1265 3635 1301 3698 et
1325 3630 1486 3717 Praepo-

135 3743 234 3810 situs
264 3737 474 3822 ValvensiS,
499 3755 521 3805 a
551 3735 697 3806 Sanctis
727 3735 881 3823 Aogidio
914 3739 950 3804 et
980 3735 1090 3804 Falco
1119 3734 1227 3807 luerit
1257 3743 1486 3824 nuncupata.

135 3851 277 3920 Sacrae
302 3847 410 3916 istius
433 3845 594 3914 exuvias
624 3844 784 3912 subinde
808 3844 986 3914 Palenam
1018 3844 1170 3930 delatae,
1194 3850 1230 3914 et
1252 3846 1287 3914 in
1320 3845 1486 3915 Ecclesia

132 3956 291 4026 Matrica
316 3952 594 4040 religiosissime
620 3951 840 4036 reconditas,
865 3951 992 4018 multis
1016 3951 1194 4038 prodigiis
1218 3952 1394 4020 enituisse
1418 3957 1489 4021 tra-

133 4063 255 4132 ditum
281 4061 499 4140 estonum
523 4061 650 4128 tamen
672 4057 795 4128 cultus
818 4057 1092 4127 ecclesiasticus
1116 4059 1237 4127 eidem
1263 4058 1372 4127 Falco
1398 4059 1488 4126 anti·

133 4171 265 4260 quitus
290 4173 328 4236 et
351 4167 603 4236 indesinenter
632 4166 850 4253 praestitae,
876 4166 1047 4234 nondum
1071 4165 1120 4234 ah
1150 4165 1363 4252 Apostolica
1389 4165 1487 4234 Sede

133 4276 351 4346 authentico
372 4275 527 4342 Decreto
544 4273 757 4360 recognitus
773 4270 895 4358 fuerit;
923 4274 1044 4340 Rmus
1061 4274 1166 4341 [inus
1182 4272 1319 4342 Tobias
1337 4271 1489 4342 Patroni

134 4384 347 4454 hodiernus
370 4382 581 4468 Episcopus
605 4379 760 4448 Valvcn.
783 4383 818 4447 et
842 4379 1072 4463 Sulmonem,
1089 4383 1292 4448 autumans
1315 4398 1387 4467 ope
1411 4399 1490 4447 mo·

135 4495 422 4572 immentorum,
447 4487 577 4557 sedula
604 4505 648 4556 ac
672 4486 796 4556 solerti
821 4505 910 4556 cura
937 4487 995 4554 sui
1023 4487 1160 4556 vicarii
1184 4486 1377 4554 Generalis
1401 4505 1487 4554 con·

232 4633 319 4688 Acta,
341 4627 416 4678 Tom.
439 4624 546 4675 ml.
566 4625 644 4689 fasc.
668 4625 770 4676 0001.
1370 4629 1386 4674 4
