3650 5242
723 301 943 346 oasrmunms
1460 281 1498 344 91
1598 346 1599 354 ,

234 401 382 490 Quibus
411 402 466 478 sie
493 403 708 496 stantibuS,
739 402 786 477 ad
814 387 1086 478 consulendum
1115 402 1299 503 partibus,
1330 383 1501 503 praeserss

147 523 225 598 tim
254 523 345 624 quia
373 523 512 603 mulier
541 524 616 598 iam
645 549 731 598 curn
760 522 835 599 alio
863 524 949 598 viro
975 521 1145 598 civiliter
1165 522 1367 599 coniuncta
1394 547 1502 623 repe-

149 643 272 735 ritur,
305 669 391 720 eum
420 643 618 722 evidenter
636 648 675 720 et
696 644 853 719 iuridiec
882 648 1032 720 constet
1052 668 1185 719 revera
1213 644 1500 720 matrimonium

148 771 462 840 consummatum
491 788 566 840 non
596 763 714 840 luisse
742 751 1126 867 ob'impedimentum
1156 764 1290 840 saltem
1311 766 1503 839 extrinse-

148 911 257 978 cum,
288 891 442 962 etcum
471 886 599 962 valida
627 885 839 962 habeantur
867 893 1109 988 argumenta,
1141 909 1235 986 quae
1264 885 1401 960 saltem
1422 909 1502 960 mo-

149 1006 273 1082 ralem
303 1004 570 1082 certitudinem
610 1006 766 1108 pariunt
794 1005 838 1080 de
866 1007 1074 1082 existentia
1107 1005 1354 1108 impotentiae
1382 1006 1497 1082 etiam

149 1127 400 1218 intrinsecae,
431 1129 471 1201 et
499 1131 680 1228 perpetuo
718 1125 949 1219 duraturae,
980 1126 1020 1200 in
1050 1126 1147 1200 hane
1176 1125 1408 1201 sententiam
1436 1125 1502 1202 de-

149 1249 278 1324 veniri
310 1272 417 1350 posse
438 1251 543 1349 puto,
566 1247 732 1323 scilieet:
760 1249 954 1322 «3133333333
973 1249 1168 1328 0333333333),
1190 1247 1497 1349 suqipb'rrur(leem

147 1368 279 1442 S‘Snw
301 1395 380 1470 pro
409 1367 696 1470 {emmeramiano
723 1368 880 1443 aderaut
867 1366 981 1442 telam
1011 1395 1035 1440 33
1024 1394 1121 1442 333333
1127 1374 1310 1442 t'rrmorn'o
1341 1378 1440 1446 33330,
1465 1379 1500 1442 33

151 1515 231 1564 33033
264 1499 537 1594 contrariaetate
568 1496 605 1562 333
638 1489 938 1588 3333333313133333
968 1487 1155 1564 33331111.
1188 1487 1278 1561 VV.
1311 1487 1500 1588 placuerit

146 1608 430 1684 absolutam]
395 1634 457 1684 ma
459 1608 630 1685 trimonii
659 1609 819 1684 nullitat
803 1613 880 1684 tem
913 1609 1119 1684 declarare.

233 1729 376 1806 l'orun
405 1729 674 1806 0330333333.
707 1729 841 1804 Finem
871 1729 1105 1805 matrimonii
1135 1751 1216 1803 esse
1245 1728 1382 1803 sobolis
1414 1752 1501 1829 pro-

148 1850 395 1952 pagationem
432 1848 565 1950 ouique
602 1860 735 1925 notum
772 1857 854 1924 est:
892 1849 1075 1949 siquidem
1110 1847 1299 1924 naturalis
1335 1871 1497 1924 sexuum

146 1971 371 2046 coniunctio
399 1970 445 2045 ad
473 1969 758 2072 propagandum
779 1971 988 2046 humanum
1010 1994 1129 2070 genus
1158 1969 1202 2045 ab
1215 2035 1217 2040 .
1232 1969 1343 2044 initio
1361 1971 1420 2043 est
1439 1967 1500 2043 in-

145 2091 315 2166 stituta:
352 2091 528 2176 03333333,
562 2090 618 2165 333
647 2114 774 2164 rerum
804 2089 964 2166 Creator
993 2114 1106 2191 proge
1088 2089 1166 2164 nit
1154 2087 1372 2170 toribus!
1338 2101 1372 2162 33
1393 2089 1496 2162 incl-z
1511 2177 1515 2194 Ι

146 2213 409 2314 tr'plr'rumine':
446 2209 804 2288 3313033333333333333,
845 2223 880 2283 33
919 2211 960 2306 se
964 2217 1114 2284 3333333333
1149 2211 1365 2304 serdica:
1405 2207 1497 2284 haec

143 2339 277 2411 autem
307 2335 466 2408 sexuum
495 2330 581 2406 dist
557 2336 653 2406 tt1no
651 2329 705 2422 io,
737 2330 793 2404 ait
777 2329 869 2404 tD
894 2329 1082 2421 Thomas,
1118 2328 1391 2404 0331333333331
1421 2329 1499 2404 eoi-

146 2463 249 2546 tum,
279 2477 388 2553 quern
419 2452 459 2527 in
490 2450 601 2526 linem
630 2456 669 2524 et
692 2475 806 2525 sexus
836 2454 976 2527 natura
995 2449 1084 2525 dist
1057 2450 1191 2542 tinxit,
1223 2449 1498 2551 etepeuliaria

144 2577 188 2651 in
231 2575 335 2650 hunc
373 2581 482 2647 usum
522 2569 758 2646 conformata
793 2572 959 2646 membra
995 2572 1130 2670 cuique
1167 2576 1226 2645 att
1192 2514 1359 2645 tribuit.
1392 2569 1497 2646 lalis

144 2699 278 2772 autern
315 2691 586 2795 multiplicatio
621 2689 747 2766 haberi
787 2716 862 2768 non
900 2696 1048 2794 potest,
1086 2692 1159 2768 nisi
1189 2715 1255 2793 per
1291 2691 1492 2793 copulam,
1556 2691 1561 2700 '

144 2823 350 2920 propterea
378 2813 418 2888 iu
446 2815 645 2888 centn-‚ictu
667 2811 956 2907 matrimoniali,
978 2838 1088 2914 quem
1108 2813 1289 2890 Christus
1310 2813 1495 2888 Dominus

143 2937 274 3013 erexit
301 2934 348 3010 ad
377 2933 606 3035 dignitatem
636 2931 894 3027 Sacramenti,
935 2943 1069 3019 mutua
1090 2933 1264 3008 traditur
1292 2933 1332 3008 in
1361 2957 1498 3036 eorpus

142 3055 309 3132 alterius
347 3055 515 3156 potestas
553 3077 638 3126 oum
681 3052 912 3152 obligatione
950 3053 1126 3129 reddendi
1168 3051 1358 3144 debitum,
1399 3053 1496 3151 qnod

143 3186 309 3274 utraque
337 3197 426 3276 pars
454 3173 521 3247 sub
550 3171 661 3270 gravi
691 3177 844 3248 tenetur
872 3173 1040 3267 reddere,
1073 3198 1120 3248 ne
1145 3173 1231 3248 finis
1261 3170 1494 3248 matrimonii

144 3294 373 3370 frustretur.
409 3291 519 3370 Unde
547 3315 634 3366 oum
664 3291 820 3366 traditio
838 3293 1004 3395 eorporis
1033 3293 1085 3367 sit
1113 3293 1157 3367 de
1186 3292 1395 3368 intrinseca
1415 3317 1496 3366 ma-

145 3413 321 3490 trimonii
352 3414 515 3504 ratione,
537 3411 570 3486 si
599 3411 787 3511 aliquod
780 3437 818 3486 in
838 3437 880 3488 eo
902 3413 1018 3490 fuerit
1004 3413 1215 3514 timpedim
1204 3417 1284 3486 3333
1289 3436 1365 3504 um,
1398 3409 1495 3511 quod

142 3533 251 3610 vinci
284 3531 512 3634 nequeatad
530 3529 703 3633 copulam
732 3532 1315 3648 exercendam,matrimonium
1344 3532 1493 3608 nullum

140 3659 273 3730 estet
256 3651 450 3754 tillequi
480 3653 648 3728 senevit
633 3651 873 3729 tabsolute
864 3661 1037 3756 ineptum
1067 3635 1287 3756 nonpotest
1270 3653 1494 3729 talteriad

141 3799 258 3852 usum
287 3797 422 3876 eorpus
451 3795 563 3848 suum
591 3771 780 3870 obligare,
820 3779 859 3848 et
887 3799 935 3849 ex
963 3774 1044 3877 ipso
1074 3775 1155 3850 iure
1184 3773 1352 3850 naturali
1383 3773 1493 3849 nefas

140 3906 245 3970 esset
276 3898 470 3970 attentare
498 3915 757 3992 congressum.

227 4017 289 4094 llx
317 4017 376 4094 his
399 4014 509 4092 facile
532 4013 744 4106 deducitur,
767 4017 1053 4093 matrimonium
1082 4017 1217 4117 dequo
1241 4016 1385 4118 agitur,
1408 4037 1494 4117 pro-

142 4145 232 4240 pter
259 4137 335 4213 viri
364 4134 629 4238 impotentiam
658 4134 958 4230 antecedentem,
989 4136 1216 4227 absolutam,
1254 4140 1490 4238 perpetuam,

140 4283 228 4334 esse
257 4255 438 4332 nullitate
467 4251 744 4329 mulctandum.
784 4255 1024 4358 Superfiuum
1054 4279 1163 4359 porro
1195 4255 1270 4331 erit
1297 4254 1494 4356 Impetra-

142 4389 240 4455 3333333
272 4377 445 4454 definire.

229 4499 409 4576 Paulina·
423 4492 690 4574 Ganrbardella
708 4519 732 4568 a
756 4501 863 4595 patre
881 4497 1082 4574 stimulata
1101 4499 1256 4600 nuptias
1285 4495 1492 4572 celebravit

138 4643 231 4696 eum
260 4618 398 4698 Oarolo
427 4617 531 4709 Oler,
563 4615 716 4706 iuvene,
748 4617 881 4716 quiin
911 4619 1079 4694 oninium
1108 4617 1283 4720 opinione
1312 4616 1422 4692 hebes
1450 4623 1491 4690 et
