<?xml version="1.0" encoding="UTF-8"?>
<!DOCTYPE html PUBLIC "-//W3C//DTD XHTML 1.0 Transitional//EN"
    "http://www.w3.org/TR/xhtml1/DTD/xhtml1-transitional.dtd">
<html xmlns="http://www.w3.org/1999/xhtml" xml:lang="en" lang="en">
 <head>
  <title>
</title>
<meta http-equiv="Content-Type" content="text/html;charset=utf-8" />
  <meta name='ocr-system' content='tesseract 3.04.00' />
  <meta name='ocr-capabilities' content='ocr_page ocr_carea ocr_par ocr_line ocrx_word'/>
</head>
<body>
  <div class='ocr_page' id='page_1' title='image "actasanctaesedi01popegoog_0141.png"; bbox 0 0 3672 5216; ppageno 0'>
   <div class='ocr_carea' id='block_1_1' title="bbox 366 259 1209 322">
    <p class='ocr_par' dir='ltr' id='par_1_1' title="bbox 366 259 1209 322">
     <span class='ocr_line' id='line_1_1' title="bbox 366 259 1209 322; baseline -0.008 0"><span class='ocrx_word' id='word_1_1' title='bbox 366 259 423 322; x_wconf 73' lang='lat' dir='ltr'><strong>lsi</strong></span> <span class='ocrx_word' id='word_1_2' title='bbox 854 272 1008 320; x_wconf 77' lang='lat' dir='ltr'><strong>srisrom</strong></span> <span class='ocrx_word' id='word_1_3' title='bbox 1030 271 1209 318; x_wconf 74' lang='lat' dir='ltr'><strong>nuevcncx</strong></span> 
     </span>
    </p>
   </div>
   <div class='ocr_carea' id='block_1_2' title="bbox 349 370 1761 4648">
    <p class='ocr_par' dir='ltr' id='par_1_2' title="bbox 349 370 1702 1512">
     <span class='ocr_line' id='line_1_2' title="bbox 365 370 1701 462; baseline -0.004 -20"><span class='ocrx_word' id='word_1_4' title='bbox 365 393 462 462; x_wconf 87' lang='lat' dir='ltr'><strong>quae</strong></span> <span class='ocrx_word' id='word_1_5' title='bbox 487 392 535 441; x_wconf 89' lang='lat' dir='ltr'><strong>ex</strong></span> <span class='ocrx_word' id='word_1_6' title='bbox 559 377 757 442; x_wconf 92' lang='lat' dir='ltr'><strong>auctorum</strong></span> <span class='ocrx_word' id='word_1_7' title='bbox 781 379 906 442; x_wconf 91' lang='lat' dir='ltr'><strong>monte</strong></span> <span class='ocrx_word' id='word_1_8' title='bbox 930 373 966 441; x_wconf 94' lang='lat' dir='ltr'><strong>in</strong></span> <span class='ocrx_word' id='word_1_9' title='bbox 991 371 1178 441; x_wconf 78' lang='lat' dir='ltr'>Ecclesiae</span> <span class='ocrx_word' id='word_1_10' title='bbox 1205 375 1317 459; x_wconf 90' lang='lat' dir='ltr'><strong>atque</strong></span> <span class='ocrx_word' id='word_1_11' title='bbox 1340 370 1614 458; x_wconf 90' lang='lat' dir='ltr'><strong>Episcoporum</strong></span> <span class='ocrx_word' id='word_1_12' title='bbox 1639 387 1701 456; x_wconf 85' lang='lat' dir='ltr'><strong>po</strong></span> 
     </span>
     <span class='ocr_line' id='line_1_3' title="bbox 365 477 1700 566; baseline -0.005 -18"><span class='ocrx_word' id='word_1_13' title='bbox 365 483 495 549; x_wconf 84' lang='lat' dir='ltr'><strong>testate</strong></span> <span class='ocrx_word' id='word_1_14' title='bbox 508 498 593 548; x_wconf 88' lang='lat' dir='ltr'><strong>esse</strong></span> <span class='ocrx_word' id='word_1_15' title='bbox 610 479 755 565; x_wconf 89' lang='lat' dir='ltr'><strong>debent,</strong></span> <span class='ocrx_word' id='word_1_16' title='bbox 769 479 862 548; x_wconf 89' lang='lat' dir='ltr'><strong>tales</strong></span> <span class='ocrx_word' id='word_1_17' title='bbox 878 482 1129 566; x_wconf 72' lang='lat' dir='ltr'><strong>perseverent,</strong></span> <span class='ocrx_word' id='word_1_18' title='bbox 1147 477 1279 566; x_wconf 90' lang='lat' dir='ltr'><strong>quales</strong></span> <span class='ocrx_word' id='word_1_19' title='bbox 1296 477 1345 546; x_wconf 89' lang='lat' dir='ltr'><strong>ab</strong></span> <span class='ocrx_word' id='word_1_20' title='bbox 1361 477 1452 564; x_wconf 87' lang='lat' dir='ltr'><strong>ipsis</strong></span> <span class='ocrx_word' id='word_1_21' title='bbox 1468 477 1700 562; x_wconf 71' lang='lat' dir='ltr'><strong>constitutae,</strong></span> 
     </span>
     <span class='ocr_line' id='line_1_4' title="bbox 349 583 1702 669; baseline -0.003 -15"><span class='ocrx_word' id='word_1_22' title='bbox 349 585 547 654; x_wconf 35' lang='lat' dir='ltr'><strong>,maiorem</strong></span> <span class='ocrx_word' id='word_1_23' title='bbox 571 590 697 654; x_wconf 78' lang='lat' dir='ltr'><strong>tamen</strong></span> <span class='ocrx_word' id='word_1_24' title='bbox 723 587 757 653; x_wconf 92' lang='lat' dir='ltr'><strong>in</strong></span> <span class='ocrx_word' id='word_1_25' title='bbox 783 586 940 654; x_wconf 89' lang='lat' dir='ltr'><strong>modum</strong></span> <span class='ocrx_word' id='word_1_26' title='bbox 977 604 1045 654; x_wconf 89' lang='lat' dir='ltr'><strong>vos</strong></span> <span class='ocrx_word' id='word_1_27' title='bbox 1070 585 1276 669; x_wconf 90' lang='lat' dir='ltr'><strong>hortamur,</strong></span> <span class='ocrx_word' id='word_1_28' title='bbox 1302 589 1342 652; x_wconf 91' lang='lat' dir='ltr'><strong>ut</strong></span> <span class='ocrx_word' id='word_1_29' title='bbox 1365 585 1467 652; x_wconf 94' lang='lat' dir='ltr'><strong>omni</strong></span> <span class='ocrx_word' id='word_1_30' title='bbox 1491 583 1615 652; x_wconf 89' lang='lat' dir='ltr'><strong>oblata</strong></span> <span class='ocrx_word' id='word_1_31' title='bbox 1639 601 1702 669; x_wconf 88' lang='lat' dir='ltr'><strong>op·</strong></span> 
     </span>
     <span class='ocr_line' id='line_1_5' title="bbox 364 691 1700 781; baseline -0.004 -19"><span class='ocrx_word' id='word_1_32' title='bbox 364 692 588 781; x_wconf 88' lang='lat' dir='ltr'><strong>portunitate</strong></span> <span class='ocrx_word' id='word_1_33' title='bbox 613 693 648 760; x_wconf 93' lang='lat' dir='ltr'><strong>in</strong></span> <span class='ocrx_word' id='word_1_34' title='bbox 673 693 836 780; x_wconf 90' lang='lat' dir='ltr'><strong>idipsum</strong></span> <span class='ocrx_word' id='word_1_35' title='bbox 860 693 1025 780; x_wconf 74' lang='lat' dir='ltr'><strong>pergatis</strong></span> <span class='ocrx_word' id='word_1_36' title='bbox 1049 691 1241 760; x_wconf 89' lang='lat' dir='ltr'><strong>communi</strong></span> <span class='ocrx_word' id='word_1_37' title='bbox 1265 691 1430 777; x_wconf 92' lang='lat' dir='ltr'><strong>consilio,</strong></span> <span class='ocrx_word' id='word_1_38' title='bbox 1456 691 1506 760; x_wconf 89' lang='lat' dir='ltr'><strong>uti</strong></span> <span class='ocrx_word' id='word_1_39' title='bbox 1531 697 1700 760; x_wconf 86' lang='lat' dir='ltr'><strong>vestrum</strong></span> 
     </span>
     <span class='ocr_line' id='line_1_6' title="bbox 364 798 1701 887; baseline -0.001 -19"><span class='ocrx_word' id='word_1_40' title='bbox 364 801 424 868; x_wconf 90' lang='lat' dir='ltr'><strong>ius</strong></span> <span class='ocrx_word' id='word_1_41' title='bbox 455 803 512 869; x_wconf 88' lang='lat' dir='ltr'><strong>est</strong></span> <span class='ocrx_word' id='word_1_42' title='bbox 541 805 577 868; x_wconf 90' lang='lat' dir='ltr'><strong>et</strong></span> <span class='ocrx_word' id='word_1_43' title='bbox 604 799 780 887; x_wconf 87' lang='lat' dir='ltr'><strong>officium,</strong></span> <span class='ocrx_word' id='word_1_44' title='bbox 813 800 1042 868; x_wconf 82' lang='lat' dir='ltr'><strong>incumbere.</strong></span> <span class='ocrx_word' id='word_1_45' title='bbox 1076 800 1183 882; x_wconf 88' lang='lat' dir='ltr'><strong>Quod</strong></span> <span class='ocrx_word' id='word_1_46' title='bbox 1214 799 1313 868; x_wconf 88' lang='lat' dir='ltr'><strong>enim</strong></span> <span class='ocrx_word' id='word_1_47' title='bbox 1345 798 1647 868; x_wconf 81' lang='lat' dir='ltr'><strong>dissentientibus</strong></span> <span class='ocrx_word' id='word_1_48' title='bbox 1676 817 1701 866; x_wconf 86' lang='lat' dir='ltr'><strong>a</strong></span> 
     </span>
     <span class='ocr_line' id='line_1_7' title="bbox 363 905 1700 995; baseline -0.003 -19"><span class='ocrx_word' id='word_1_49' title='bbox 363 907 544 976; x_wconf 88' lang='lat' dir='ltr'><strong>catholico</strong></span> <span class='ocrx_word' id='word_1_50' title='bbox 569 907 970 976; x_wconf 84' lang='lat' dir='ltr'><strong>nomine&#39;concessum</strong></span> <span class='ocrx_word' id='word_1_51' title='bbox 1007 913 1072 994; x_wconf 92' lang='lat' dir='ltr'><strong>est,</strong></span> <span class='ocrx_word' id='word_1_52' title='bbox 1098 907 1271 994; x_wconf 87' lang='lat' dir='ltr'><strong>aequitati</strong></span> <span class='ocrx_word' id='word_1_53' title='bbox 1295 908 1433 995; x_wconf 87' lang='lat' dir='ltr'><strong>pariter</strong></span> <span class='ocrx_word' id='word_1_54' title='bbox 1467 905 1700 992; x_wconf 88' lang='lat' dir='ltr'><strong>iustitiaeque</strong></span> 
     </span>
     <span class='ocr_line' id='line_1_8' title="bbox 363 1011 1700 1101; baseline -0.001 -19"><span class='ocrx_word' id='word_1_55' title='bbox 363 1018 550 1101; x_wconf 80' lang='lat' dir='ltr'><strong>repugnat</strong></span> <span class='ocrx_word' id='word_1_56' title='bbox 574 1013 608 1081; x_wconf 91' lang='lat' dir='ltr'><strong>id</strong></span> <span class='ocrx_word' id='word_1_57' title='bbox 632 1013 822 1082; x_wconf 79' lang='lat' dir='ltr'><strong>catholicis</strong></span> <span class='ocrx_word' id='word_1_58' title='bbox 846 1013 1040 1100; x_wconf 77' lang='lat' dir='ltr'><strong>denegari:</strong></span> <span class='ocrx_word' id='word_1_59' title='bbox 1070 1013 1215 1100; x_wconf 90' lang='lat' dir='ltr'><strong>publice</strong></span> <span class='ocrx_word' id='word_1_60' title='bbox 1239 1020 1366 1082; x_wconf 90' lang='lat' dir='ltr'><strong>autem</strong></span> <span class='ocrx_word' id='word_1_61' title='bbox 1393 1011 1513 1099; x_wconf 80' lang='lat' dir='ltr'><strong>refert,</strong></span> <span class='ocrx_word' id='word_1_62' title='bbox 1538 1021 1579 1081; x_wconf 90' lang='lat' dir='ltr'><strong>ut</strong></span> <span class='ocrx_word' id='word_1_63' title='bbox 1600 1031 1700 1100; x_wconf 90' lang='lat' dir='ltr'><strong>quac</strong></span> 
     </span>
     <span class='ocr_line' id='line_1_9' title="bbox 364 1121 1701 1207; baseline -0.001 -17"><span class='ocrx_word' id='word_1_64' title='bbox 364 1141 387 1190; x_wconf 86' lang='lat' dir='ltr'><strong>a</strong></span> <span class='ocrx_word' id='word_1_65' title='bbox 410 1121 618 1190; x_wconf 88' lang='lat' dir='ltr'><strong>maioribus</strong></span> <span class='ocrx_word' id='word_1_66' title='bbox 641 1126 717 1188; x_wconf 89' lang='lat' dir='ltr'><strong>tam</strong></span> <span class='ocrx_word' id='word_1_67' title='bbox 742 1121 801 1207; x_wconf 91' lang='lat' dir='ltr'><strong>pie</strong></span> <span class='ocrx_word' id='word_1_68' title='bbox 826 1121 1087 1207; x_wconf 82' lang='lat' dir='ltr'><strong>sapienterque</strong></span> <span class='ocrx_word' id='word_1_69' title='bbox 1110 1121 1274 1190; x_wconf 87' lang='lat' dir='ltr'><strong>instituta</strong></span> <span class='ocrx_word' id='word_1_70' title='bbox 1298 1133 1395 1207; x_wconf 88' lang='lat' dir='ltr'><strong>sunt,</strong></span> <span class='ocrx_word' id='word_1_71' title='bbox 1420 1139 1494 1189; x_wconf 91' lang='lat' dir='ltr'><strong>non</strong></span> <span class='ocrx_word' id='word_1_72' title='bbox 1519 1122 1555 1189; x_wconf 91' lang='lat' dir='ltr'><strong>in</strong></span> <span class='ocrx_word' id='word_1_73' title='bbox 1579 1121 1701 1192; x_wconf 86' lang='lat' dir='ltr'><strong>Eccle-</strong></span> 
     </span>
     <span class='ocr_line' id='line_1_10' title="bbox 363 1226 1699 1317; baseline 0.001 -21"><span class='ocrx_word' id='word_1_74' title='bbox 363 1229 440 1298; x_wconf 88' lang='lat' dir='ltr'><strong>siae</strong></span> <span class='ocrx_word' id='word_1_75' title='bbox 463 1226 625 1315; x_wconf 78' lang='lat' dir='ltr'><strong>fideique</strong></span> <span class='ocrx_word' id='word_1_76' title='bbox 649 1227 853 1296; x_wconf 89' lang='lat' dir='ltr'><strong>catholicae</strong></span> <span class='ocrx_word' id='word_1_77' title='bbox 878 1229 1153 1314; x_wconf 80' lang='lat' dir='ltr'><strong>detrimentum,</strong></span> <span class='ocrx_word' id='word_1_78' title='bbox 1180 1230 1245 1298; x_wconf 89' lang='lat' dir='ltr'><strong>sed</strong></span> <span class='ocrx_word' id='word_1_79' title='bbox 1270 1231 1305 1297; x_wconf 91' lang='lat' dir='ltr'><strong>in</strong></span> <span class='ocrx_word' id='word_1_80' title='bbox 1334 1231 1527 1317; x_wconf 88' lang='lat' dir='ltr'><strong>utriusque</strong></span> <span class='ocrx_word' id='word_1_81' title='bbox 1543 1229 1699 1299; x_wconf 89' lang='lat' dir='ltr'><strong>tutelam</strong></span> 
     </span>
     <span class='ocr_line' id='line_1_11' title="bbox 361 1333 1699 1424; baseline 0.003 -22"><span class='ocrx_word' id='word_1_82' title='bbox 361 1353 407 1402; x_wconf 88' lang='lat' dir='ltr'><strong>ac</strong></span> <span class='ocrx_word' id='word_1_83' title='bbox 419 1333 660 1422; x_wconf 88' lang='lat' dir='ltr'><strong>praesidium,</strong></span> <span class='ocrx_word' id='word_1_84' title='bbox 677 1339 788 1421; x_wconf 87' lang='lat' dir='ltr'><strong>atque</strong></span> <span class='ocrx_word' id='word_1_85' title='bbox 805 1333 899 1402; x_wconf 90' lang='lat' dir='ltr'><strong>adeo</strong></span> <span class='ocrx_word' id='word_1_86' title='bbox 918 1335 951 1401; x_wconf 92' lang='lat' dir='ltr'><strong>in</strong></span> <span class='ocrx_word' id='word_1_87' title='bbox 970 1333 1088 1422; x_wconf 87' lang='lat' dir='ltr'><strong>ipsius</strong></span> <span class='ocrx_word' id='word_1_88' title='bbox 1103 1337 1154 1404; x_wconf 90' lang='lat' dir='ltr'><strong>rci</strong></span> <span class='ocrx_word' id='word_1_89' title='bbox 1172 1335 1342 1422; x_wconf 87' lang='lat' dir='ltr'><strong>publicae</strong></span> <span class='ocrx_word' id='word_1_90' title='bbox 1359 1337 1500 1405; x_wconf 89' lang='lat' dir='ltr'><strong>bonum</strong></span> <span class='ocrx_word' id='word_1_91' title='bbox 1518 1343 1699 1424; x_wconf 86' lang='lat' dir='ltr'><strong>perpetuo</strong></span> 
     </span>
     <span class='ocr_line' id='line_1_12' title="bbox 362 1442 620 1512; baseline -0.012 -1"><span class='ocrx_word' id='word_1_92' title='bbox 362 1442 620 1512; x_wconf 83' lang='lat' dir='ltr'><strong>adhibeantur.</strong></span> 
     </span>
    </p>

    <p class='ocr_par' dir='ltr' id='par_1_3' title="bbox 356 1549 1761 3139">
     <span class='ocr_line' id='line_1_13' title="bbox 451 1549 1700 1639; baseline 0 -21"><span class='ocrx_word' id='word_1_93' title='bbox 451 1550 531 1618; x_wconf 93' lang='lat' dir='ltr'><strong>Hoc</strong></span> <span class='ocrx_word' id='word_1_94' title='bbox 555 1549 715 1637; x_wconf 90' lang='lat' dir='ltr'><strong>denique</strong></span> <span class='ocrx_word' id='word_1_95' title='bbox 749 1549 858 1618; x_wconf 85' lang='lat' dir='ltr'><strong>officii</strong></span> <span class='ocrx_word' id='word_1_96' title='bbox 883 1549 1007 1618; x_wconf 83' lang='lat' dir='ltr'><strong>Nostri</strong></span> <span class='ocrx_word' id='word_1_97' title='bbox 1039 1551 1131 1620; x_wconf 87' lang='lat' dir='ltr'><strong>ratio</strong></span> <span class='ocrx_word' id='word_1_98' title='bbox 1162 1552 1339 1639; x_wconf 87' lang='lat' dir='ltr'><strong>exposcit,</strong></span> <span class='ocrx_word' id='word_1_99' title='bbox 1366 1559 1407 1622; x_wconf 89' lang='lat' dir='ltr'><strong>ut</strong></span> <span class='ocrx_word' id='word_1_100' title='bbox 1428 1571 1474 1621; x_wconf 91' lang='lat' dir='ltr'><strong>ea</strong></span> <span class='ocrx_word' id='word_1_101' title='bbox 1505 1553 1612 1622; x_wconf 86' lang='lat' dir='ltr'><strong>vobis</strong></span> <span class='ocrx_word' id='word_1_102' title='bbox 1635 1551 1700 1619; x_wconf 87' lang='lat' dir='ltr'><strong>im-</strong></span> 
     </span>
     <span class='ocr_line' id='line_1_14' title="bbox 360 1656 1699 1746; baseline -0.001 -19"><span class='ocrx_word' id='word_1_103' title='bbox 360 1657 586 1746; x_wconf 88' lang='lat' dir='ltr'><strong>pensissime</strong></span> <span class='ocrx_word' id='word_1_104' title='bbox 609 1656 932 1744; x_wconf 89' lang='lat' dir='ltr'><strong>commendemus,</strong></span> <span class='ocrx_word' id='word_1_105' title='bbox 957 1677 1054 1744; x_wconf 89' lang='lat' dir='ltr'><strong>quae</strong></span> <span class='ocrx_word' id='word_1_106' title='bbox 1078 1657 1125 1725; x_wconf 91' lang='lat' dir='ltr'><strong>de</strong></span> <span class='ocrx_word' id='word_1_107' title='bbox 1149 1659 1451 1728; x_wconf 84' lang='lat' dir='ltr'><strong>adolescentibus</strong></span> <span class='ocrx_word' id='word_1_108' title='bbox 1473 1659 1625 1746; x_wconf 86' lang='lat' dir='ltr'><strong>clericis,</strong></span> <span class='ocrx_word' id='word_1_109' title='bbox 1651 1660 1699 1727; x_wconf 89' lang='lat' dir='ltr'><strong>de</strong></span> 
     </span>
     <span class='ocr_line' id='line_1_15' title="bbox 362 1763 1700 1854; baseline 0.001 -21"><span class='ocrx_word' id='word_1_110' title='bbox 362 1765 593 1854; x_wconf 79' lang='lat' dir='ltr'><strong>presbyteris</strong></span> <span class='ocrx_word' id='word_1_111' title='bbox 617 1765 652 1832; x_wconf 92' lang='lat' dir='ltr'><strong>in</strong></span> <span class='ocrx_word' id='word_1_112' title='bbox 678 1763 732 1830; x_wconf 90' lang='lat' dir='ltr'><strong>eis</strong></span> <span class='ocrx_word' id='word_1_113' title='bbox 760 1765 851 1850; x_wconf 86' lang='lat' dir='ltr'><strong>ipsis</strong></span> <span class='ocrx_word' id='word_1_114' title='bbox 875 1763 1002 1832; x_wconf 89' lang='lat' dir='ltr'><strong>litteris</strong></span> <span class='ocrx_word' id='word_1_115' title='bbox 1033 1765 1235 1836; x_wconf 86' lang='lat' dir='ltr'><strong>habuimus</strong></span> <span class='ocrx_word' id='word_1_116' title='bbox 1263 1768 1536 1836; x_wconf 89' lang='lat' dir='ltr'><strong>commendata.</strong></span> <span class='ocrx_word' id='word_1_117' title='bbox 1555 1804 1594 1813; x_wconf 93' lang='lat'><em>-</em></span> <span class='ocrx_word' id='word_1_118' title='bbox 1613 1767 1700 1836; x_wconf 79' lang='lat' dir='ltr'><strong>Pro</strong></span> 
     </span>
     <span class='ocr_line' id='line_1_16' title="bbox 361 1871 1699 1959; baseline -0.001 -17"><span class='ocrx_word' id='word_1_119' title='bbox 361 1872 455 1942; x_wconf 84' lang='lat' dir='ltr'><strong>fecto</strong></span> <span class='ocrx_word' id='word_1_120' title='bbox 480 1873 511 1940; x_wconf 90' lang='lat' dir='ltr'><strong>si</strong></span> <span class='ocrx_word' id='word_1_121' title='bbox 535 1876 704 1940; x_wconf 87' lang='lat' dir='ltr'><strong>vestrum</strong></span> <span class='ocrx_word' id='word_1_122' title='bbox 735 1876 812 1957; x_wconf 91' lang='lat' dir='ltr'><strong>est,</strong></span> <span class='ocrx_word' id='word_1_123' title='bbox 838 1871 1083 1939; x_wconf 89' lang='lat' dir='ltr'><strong>Venerabiles</strong></span> <span class='ocrx_word' id='word_1_124' title='bbox 1118 1873 1289 1958; x_wconf 83' lang='lat' dir='ltr'><strong>Fratres,</strong></span> <span class='ocrx_word' id='word_1_125' title='bbox 1315 1873 1520 1959; x_wconf 91' lang='lat' dir='ltr'><strong>plurimum</strong></span> <span class='ocrx_word' id='word_1_126' title='bbox 1554 1872 1699 1942; x_wconf 90' lang='lat' dir='ltr'><strong>consilii</strong></span> 
     </span>
     <span class='ocr_line' id='line_1_17' title="bbox 362 1977 1697 2068; baseline 0 -20"><span class='ocrx_word' id='word_1_127' title='bbox 362 1983 474 2066; x_wconf 91' lang='lat' dir='ltr'><strong>atque</strong></span> <span class='ocrx_word' id='word_1_128' title='bbox 491 1996 628 2065; x_wconf 89' lang='lat' dir='ltr'><strong>operae</strong></span> <span class='ocrx_word' id='word_1_129' title='bbox 652 1977 686 2045; x_wconf 95' lang='lat' dir='ltr'><strong>in</strong></span> <span class='ocrx_word' id='word_1_130' title='bbox 714 1983 810 2045; x_wconf 88' lang='lat' dir='ltr'><strong>recte</strong></span> <span class='ocrx_word' id='word_1_131' title='bbox 828 1977 1053 2047; x_wconf 89' lang='lat' dir='ltr'><strong>instituenda</strong></span> <span class='ocrx_word' id='word_1_132' title='bbox 1076 1979 1176 2046; x_wconf 89' lang='lat' dir='ltr'><strong>omni</strong></span> <span class='ocrx_word' id='word_1_133' title='bbox 1195 1981 1384 2049; x_wconf 88' lang='lat' dir='ltr'><strong>iuventute</strong></span> <span class='ocrx_word' id='word_1_134' title='bbox 1400 2000 1551 2068; x_wconf 90' lang='lat' dir='ltr'><strong>ponere,</strong></span> <span class='ocrx_word' id='word_1_135' title='bbox 1578 1979 1697 2050; x_wconf 91' lang='lat' dir='ltr'><strong>multo</strong></span> 
     </span>
     <span class='ocr_line' id='line_1_18' title="bbox 360 2083 1697 2174; baseline 0 -20"><span class='ocrx_word' id='word_1_136' title='bbox 360 2105 430 2154; x_wconf 92' lang='lat' dir='ltr'><strong>vos</strong></span> <span class='ocrx_word' id='word_1_137' title='bbox 447 2085 575 2172; x_wconf 84' lang='lat' dir='ltr'><strong>&#39;magis</strong></span> <span class='ocrx_word' id='word_1_138' title='bbox 598 2085 634 2153; x_wconf 91' lang='lat' dir='ltr'><strong>in</strong></span> <span class='ocrx_word' id='word_1_139' title='bbox 660 2083 703 2150; x_wconf 88' lang='lat' dir='ltr'><strong>iis</strong></span> <span class='ocrx_word' id='word_1_140' title='bbox 727 2083 922 2153; x_wconf 88' lang='lat' dir='ltr'><strong>elaborare</strong></span> <span class='ocrx_word' id='word_1_141' title='bbox 947 2103 1103 2154; x_wconf 89' lang='lat' dir='ltr'><strong>neccsse</strong></span> <span class='ocrx_word' id='word_1_142' title='bbox 1127 2091 1192 2172; x_wconf 88' lang='lat' dir='ltr'><strong>est,</strong></span> <span class='ocrx_word' id='word_1_143' title='bbox 1218 2087 1281 2173; x_wconf 93' lang='lat' dir='ltr'><strong>qui</strong></span> <span class='ocrx_word' id='word_1_144' title='bbox 1304 2087 1341 2154; x_wconf 93' lang='lat' dir='ltr'><strong>in</strong></span> <span class='ocrx_word' id='word_1_145' title='bbox 1366 2087 1554 2155; x_wconf 88' lang='lat' dir='ltr'><strong>Ecclesiae</strong></span> <span class='ocrx_word' id='word_1_146' title='bbox 1587 2105 1697 2174; x_wconf 91' lang='lat' dir='ltr'><strong>spem</strong></span> 
     </span>
     <span class='ocr_line' id='line_1_19' title="bbox 360 2193 1699 2280; baseline -0.001 -17"><span class='ocrx_word' id='word_1_147' title='bbox 360 2193 590 2278; x_wconf 89' lang='lat' dir='ltr'><strong>adolescunt,</strong></span> <span class='ocrx_word' id='word_1_148' title='bbox 617 2195 657 2260; x_wconf 92' lang='lat' dir='ltr'><strong>ut</strong></span> <span class='ocrx_word' id='word_1_149' title='bbox 679 2209 816 2278; x_wconf 88' lang='lat' dir='ltr'><strong>nempe</strong></span> <span class='ocrx_word' id='word_1_150' title='bbox 840 2199 875 2261; x_wconf 90' lang='lat' dir='ltr'><strong>et</strong></span> <span class='ocrx_word' id='word_1_151' title='bbox 898 2193 1094 2261; x_wconf 89' lang='lat' dir='ltr'><strong>sacerdotii</strong></span> <span class='ocrx_word' id='word_1_152' title='bbox 1120 2193 1262 2261; x_wconf 90' lang='lat' dir='ltr'><strong>honore</strong></span> <span class='ocrx_word' id='word_1_153' title='bbox 1287 2193 1387 2280; x_wconf 83' lang='lat' dir='ltr'><strong>digni</strong></span> <span class='ocrx_word' id='word_1_154' title='bbox 1411 2194 1483 2262; x_wconf 90' lang='lat' dir='ltr'><strong>sint</strong></span> <span class='ocrx_word' id='word_1_155' title='bbox 1507 2203 1542 2262; x_wconf 94' lang='lat' dir='ltr'><strong>et</strong></span> <span class='ocrx_word' id='word_1_156' title='bbox 1570 2213 1699 2262; x_wconf 94' lang='lat' dir='ltr'><strong>mune-</strong></span> 
     </span>
     <span class='ocr_line' id='line_1_20' title="bbox 359 2298 1698 2388; baseline -0.001 -19"><span class='ocrx_word' id='word_1_157' title='bbox 359 2301 464 2369; x_wconf 89' lang='lat' dir='ltr'><strong>ribus</strong></span> <span class='ocrx_word' id='word_1_158' title='bbox 488 2300 569 2369; x_wconf 88' lang='lat' dir='ltr'><strong>cius</strong></span> <span class='ocrx_word' id='word_1_159' title='bbox 593 2299 659 2367; x_wconf 88' lang='lat' dir='ltr'><strong>rite</strong></span> <span class='ocrx_word' id='word_1_160' title='bbox 683 2298 868 2367; x_wconf 89' lang='lat' dir='ltr'><strong>obeundis</strong></span> <span class='ocrx_word' id='word_1_161' title='bbox 891 2311 1019 2386; x_wconf 88' lang='lat' dir='ltr'><strong>aptam</strong></span> <span class='ocrx_word' id='word_1_162' title='bbox 1042 2319 1110 2388; x_wconf 90' lang='lat' dir='ltr'><strong>pro</strong></span> <span class='ocrx_word' id='word_1_163' title='bbox 1135 2301 1369 2387; x_wconf 87' lang='lat' dir='ltr'><strong>temporibus</strong></span> <span class='ocrx_word' id='word_1_164' title='bbox 1394 2303 1567 2370; x_wconf 89' lang='lat' dir='ltr'><strong>virtutem</strong></span> <span class='ocrx_word' id='word_1_165' title='bbox 1592 2321 1698 2388; x_wconf 88' lang='lat' dir='ltr'><strong>prae-</strong></span> 
     </span>
     <span class='ocr_line' id='line_1_21' title="bbox 360 2407 1697 2494; baseline -0.001 -16"><span class='ocrx_word' id='word_1_166' title='bbox 360 2408 532 2478; x_wconf 87' lang='lat' dir='ltr'><strong>seferant.</strong></span> <span class='ocrx_word' id='word_1_167' title='bbox 558 2407 597 2474; x_wconf 94' lang='lat' dir='ltr'><strong>ln</strong></span> <span class='ocrx_word' id='word_1_168' title='bbox 616 2425 691 2494; x_wconf 93' lang='lat' dir='ltr'><strong>quo</strong></span> <span class='ocrx_word' id='word_1_169' title='bbox 708 2425 826 2493; x_wconf 91' lang='lat' dir='ltr'><strong>quum</strong></span> <span class='ocrx_word' id='word_1_170' title='bbox 844 2408 1068 2494; x_wconf 87' lang='lat' dir='ltr'><strong>praecipuas</strong></span> <span class='ocrx_word' id='word_1_171' title='bbox 1084 2407 1292 2493; x_wconf 73' lang='lat' dir='ltr'><strong>vigilantiae</strong></span> <span class='ocrx_word' id='word_1_172' title='bbox 1309 2415 1456 2477; x_wconf 88' lang='lat' dir='ltr'><strong>vestrae</strong></span> <span class='ocrx_word' id='word_1_173' title='bbox 1473 2415 1600 2494; x_wconf 87' lang='lat' dir='ltr'><strong>partes</strong></span> <span class='ocrx_word' id='word_1_174' title='bbox 1616 2408 1697 2477; x_wconf 89' lang='lat' dir='ltr'><strong>iure</strong></span> 
     </span>
     <span class='ocr_line' id='line_1_22' title="bbox 360 2513 1696 2600; baseline -0.001 -16"><span class='ocrx_word' id='word_1_175' title='bbox 360 2516 429 2584; x_wconf 92' lang='lat' dir='ltr'><strong>sibi</strong></span> <span class='ocrx_word' id='word_1_176' title='bbox 454 2513 640 2583; x_wconf 85' lang='lat' dir='ltr'><strong>vindicent</strong></span> <span class='ocrx_word' id='word_1_177' title='bbox 663 2532 773 2582; x_wconf 89' lang='lat' dir='ltr'><strong>sacra</strong></span> <span class='ocrx_word' id='word_1_178' title='bbox 797 2514 1014 2600; x_wconf 89' lang='lat' dir='ltr'><strong>Seminaria,</strong></span> <span class='ocrx_word' id='word_1_179' title='bbox 1040 2514 1219 2583; x_wconf 81' lang='lat' dir='ltr'><strong>alacriore</strong></span> <span class='ocrx_word' id='word_1_180' title='bbox 1243 2518 1278 2582; x_wconf 91' lang='lat' dir='ltr'><strong>iu</strong></span> <span class='ocrx_word' id='word_1_181' title='bbox 1304 2515 1384 2584; x_wconf 88' lang='lat' dir='ltr'><strong>dies</strong></span> <span class='ocrx_word' id='word_1_182' title='bbox 1408 2517 1530 2584; x_wconf 89' lang='lat' dir='ltr'><strong>studio</strong></span> <span class='ocrx_word' id='word_1_183' title='bbox 1547 2522 1696 2584; x_wconf 88' lang='lat' dir='ltr'><strong>conten-</strong></span> 
     </span>
     <span class='ocr_line' id='line_1_23' title="bbox 361 2621 1697 2710; baseline 0 -18"><span class='ocrx_word' id='word_1_184' title='bbox 361 2625 434 2694; x_wconf 89' lang='lat' dir='ltr'><strong>dite</strong></span> <span class='ocrx_word' id='word_1_185' title='bbox 459 2627 500 2692; x_wconf 88' lang='lat' dir='ltr'><strong>ut</strong></span> <span class='ocrx_word' id='word_1_186' title='bbox 522 2623 671 2710; x_wconf 87' lang='lat' dir='ltr'><strong>optimis</strong></span> <span class='ocrx_word' id='word_1_187' title='bbox 696 2641 739 2692; x_wconf 85' lang='lat' dir='ltr'><strong>ea</strong></span> <span class='ocrx_word' id='word_1_188' title='bbox 764 2621 935 2690; x_wconf 89' lang='lat' dir='ltr'><strong>institutis</strong></span> <span class='ocrx_word' id='word_1_189' title='bbox 970 2621 1148 2708; x_wconf 80' lang='lat' dir='ltr'><strong>floreant,</strong></span> <span class='ocrx_word' id='word_1_190' title='bbox 1174 2622 1439 2710; x_wconf 75' lang='lat' dir='ltr'><strong>abundantque</strong></span> <span class='ocrx_word' id='word_1_191' title='bbox 1470 2624 1697 2694; x_wconf 89' lang='lat' dir='ltr'><strong>adiumentis</strong></span> 
     </span>
     <span class='ocr_line' id='line_1_24' title="bbox 358 2730 1696 2817; baseline -0.003 -17"><span class='ocrx_word' id='word_1_192' title='bbox 358 2733 402 2800; x_wconf 89' lang='lat' dir='ltr'><strong>iis</strong></span> <span class='ocrx_word' id='word_1_193' title='bbox 425 2731 603 2799; x_wconf 89' lang='lat' dir='ltr'><strong>omnihus</strong></span> <span class='ocrx_word' id='word_1_194' title='bbox 626 2748 724 2817; x_wconf 92' lang='lat' dir='ltr'><strong>quae</strong></span> <span class='ocrx_word' id='word_1_195' title='bbox 748 2730 962 2798; x_wconf 85' lang='lat' dir='ltr'><strong>necessaria</strong></span> <span class='ocrx_word' id='word_1_196' title='bbox 985 2737 1089 2816; x_wconf 84' lang='lat' dir='ltr'><strong>sunt3</strong></span> <span class='ocrx_word' id='word_1_197' title='bbox 1115 2730 1164 2798; x_wconf 89' lang='lat' dir='ltr'><strong>ita</strong></span> <span class='ocrx_word' id='word_1_198' title='bbox 1188 2749 1279 2798; x_wconf 88' lang='lat' dir='ltr'><strong>sane</strong></span> <span class='ocrx_word' id='word_1_199' title='bbox 1305 2735 1353 2817; x_wconf 91' lang='lat' dir='ltr'><strong>ut,</strong></span> <span class='ocrx_word' id='word_1_200' title='bbox 1371 2731 1600 2800; x_wconf 89' lang='lat' dir='ltr'><strong>delectorum</strong></span> <span class='ocrx_word' id='word_1_201' title='bbox 1619 2749 1696 2797; x_wconf 94' lang='lat' dir='ltr'><strong>mo-</strong></span> 
     </span>
     <span class='ocr_line' id='line_1_25' title="bbox 358 2835 1694 2924; baseline -0.002 -18"><span class='ocrx_word' id='word_1_202' title='bbox 358 2838 576 2907; x_wconf 84' lang='lat' dir='ltr'><strong>deratorum</strong></span> <span class='ocrx_word' id='word_1_203' title='bbox 592 2835 800 2923; x_wconf 65' lang='lat' dir='ltr'><strong>disciplina,</strong></span> <span class='ocrx_word' id='word_1_204' title='bbox 820 2837 867 2905; x_wconf 88' lang='lat' dir='ltr'><strong>ad</strong></span> <span class='ocrx_word' id='word_1_205' title='bbox 885 2856 1022 2924; x_wconf 87' lang='lat' dir='ltr'><strong>mores,</strong></span> <span class='ocrx_word' id='word_1_206' title='bbox 1039 2838 1087 2905; x_wconf 88' lang='lat' dir='ltr'><strong>ad</strong></span> <span class='ocrx_word' id='word_1_207' title='bbox 1106 2838 1259 2906; x_wconf 89' lang='lat' dir='ltr'><strong>virtutes</strong></span> <span class='ocrx_word' id='word_1_208' title='bbox 1276 2840 1334 2907; x_wconf 91' lang='lat' dir='ltr'><strong>sui</strong></span> <span class='ocrx_word' id='word_1_209' title='bbox 1350 2837 1491 2907; x_wconf 83' lang='lat' dir='ltr'><strong>ordinis</strong></span> <span class='ocrx_word' id='word_1_210' title='bbox 1510 2837 1694 2924; x_wconf 88' lang='lat' dir='ltr'><strong>proprias,</strong></span> 
     </span>
     <span class='ocr_line' id='line_1_26' title="bbox 359 2943 1761 3032; baseline -0.002 -18"><span class='ocrx_word' id='word_1_211' title='bbox 359 2952 470 3032; x_wconf 88' lang='lat' dir='ltr'><strong>atque</strong></span> <span class='ocrx_word' id='word_1_212' title='bbox 495 2943 542 3012; x_wconf 89' lang='lat' dir='ltr'><strong>ad</strong></span> <span class='ocrx_word' id='word_1_213' title='bbox 566 2944 683 3013; x_wconf 90' lang='lat' dir='ltr'><strong>decus</strong></span> <span class='ocrx_word' id='word_1_214' title='bbox 707 2962 819 3012; x_wconf 91' lang='lat' dir='ltr'><strong>omne</strong></span> <span class='ocrx_word' id='word_1_215' title='bbox 844 2945 1043 3030; x_wconf 88' lang='lat' dir='ltr'><strong>doctrinae,</strong></span> <span class='ocrx_word' id='word_1_216' title='bbox 1076 2945 1133 3012; x_wconf 87' lang='lat' dir='ltr'><strong>vel</strong></span> <span class='ocrx_word' id='word_1_217' title='bbox 1158 2945 1305 3013; x_wconf 73' lang='lat' dir='ltr'><strong>(livinae</strong></span> <span class='ocrx_word' id='word_1_218' title='bbox 1330 2945 1388 3014; x_wconf 91' lang='lat' dir='ltr'><strong>vel</strong></span> <span class='ocrx_word' id='word_1_219' title='bbox 1413 2946 1613 3024; x_wconf 88' lang='lat' dir='ltr'><strong>humanae,</strong></span> <span class='ocrx_word' id='word_1_220' title='bbox 1639 2963 1696 3012; x_wconf 89' lang='lat' dir='ltr'><strong>sa·</strong></span> <span class='ocrx_word' id='word_1_221' title='bbox 1758 2995 1761 3000; x_wconf 87' lang='lat'>.</span> 
     </span>
     <span class='ocr_line' id='line_1_27' title="bbox 356 3051 1336 3139; baseline -0.004 -17"><span class='ocrx_word' id='word_1_222' title='bbox 356 3071 510 3122; x_wconf 91' lang='lat' dir='ltr'><strong>crorum</strong></span> <span class='ocrx_word' id='word_1_223' title='bbox 534 3051 677 3120; x_wconf 90' lang='lat' dir='ltr'><strong>alumni</strong></span> <span class='ocrx_word' id='word_1_224' title='bbox 700 3057 846 3132; x_wconf 87' lang='lat' dir='ltr'><strong>mature</strong></span> <span class='ocrx_word' id='word_1_225' title='bbox 870 3052 1082 3139; x_wconf 84' lang='lat' dir='ltr'><strong>optimeque</strong></span> <span class='ocrx_word' id='word_1_226' title='bbox 1106 3053 1336 3122; x_wconf 89' lang='lat' dir='ltr'><strong>excolantur.</strong></span> 
     </span>
    </p>

    <p class='ocr_par' dir='ltr' id='par_1_4' title="bbox 356 3158 1694 4648">
     <span class='ocr_line' id='line_1_28' title="bbox 448 3158 1692 3246; baseline -0.001 -18"><span class='ocrx_word' id='word_1_227' title='bbox 448 3159 553 3242; x_wconf 88' lang='lat' dir='ltr'><strong>Quod</strong></span> <span class='ocrx_word' id='word_1_228' title='bbox 579 3179 669 3228; x_wconf 92' lang='lat' dir='ltr'><strong>vero</strong></span> <span class='ocrx_word' id='word_1_229' title='bbox 693 3159 740 3228; x_wconf 90' lang='lat' dir='ltr'><strong>ad</strong></span> <span class='ocrx_word' id='word_1_230' title='bbox 764 3158 997 3228; x_wconf 84' lang='lat' dir='ltr'><strong>fructuosam</strong></span> <span class='ocrx_word' id='word_1_231' title='bbox 1034 3160 1127 3228; x_wconf 91' lang='lat' dir='ltr'><strong>Cleri</strong></span> <span class='ocrx_word' id='word_1_232' title='bbox 1158 3161 1271 3228; x_wconf 86' lang='lat' dir='ltr'><strong>vestri</strong></span> <span class='ocrx_word' id='word_1_233' title='bbox 1306 3162 1489 3230; x_wconf 91' lang='lat' dir='ltr'><strong>actionem</strong></span> <span class='ocrx_word' id='word_1_234' title='bbox 1525 3159 1692 3246; x_wconf 89' lang='lat' dir='ltr'><strong>pertinet,</strong></span> 
     </span>
     <span class='ocr_line' id='line_1_29' title="bbox 357 3267 1693 3354; baseline -0.002 -18"><span class='ocrx_word' id='word_1_235' title='bbox 357 3269 429 3337; x_wconf 90' lang='lat' dir='ltr'><strong>hoc</strong></span> <span class='ocrx_word' id='word_1_236' title='bbox 452 3268 565 3336; x_wconf 90' lang='lat' dir='ltr'><strong>huius</strong></span> <span class='ocrx_word' id='word_1_237' title='bbox 588 3268 753 3336; x_wconf 85' lang='lat' dir='ltr'><strong>maxime</strong></span> <span class='ocrx_word' id='word_1_238' title='bbox 777 3275 834 3337; x_wconf 89' lang='lat' dir='ltr'><strong>est</strong></span> <span class='ocrx_word' id='word_1_239' title='bbox 856 3268 1046 3354; x_wconf 90' lang='lat' dir='ltr'><strong>temporis,</strong></span> <span class='ocrx_word' id='word_1_240' title='bbox 1067 3272 1106 3335; x_wconf 90' lang='lat' dir='ltr'><strong>ut</strong></span> <span class='ocrx_word' id='word_1_241' title='bbox 1122 3273 1256 3354; x_wconf 89' lang='lat' dir='ltr'><strong>vestra,</strong></span> <span class='ocrx_word' id='word_1_242' title='bbox 1279 3267 1518 3336; x_wconf 87' lang='lat' dir='ltr'><strong>Venerabiles</strong></span> <span class='ocrx_word' id='word_1_243' title='bbox 1534 3267 1693 3352; x_wconf 88' lang='lat' dir='ltr'><strong>Fratres,</strong></span> 
     </span>
     <span class='ocr_line' id='line_1_30' title="bbox 358 3373 1694 3462; baseline -0.006 -18"><span class='ocrx_word' id='word_1_244' title='bbox 358 3376 497 3444; x_wconf 88' lang='lat' dir='ltr'><strong>sivein</strong></span> <span class='ocrx_word' id='word_1_245' title='bbox 523 3395 568 3445; x_wconf 94' lang='lat' dir='ltr'><strong>eo</strong></span> <span class='ocrx_word' id='word_1_246' title='bbox 592 3375 785 3462; x_wconf 76' lang='lat' dir='ltr'><strong>dirigendo</strong></span> <span class='ocrx_word' id='word_1_247' title='bbox 821 3374 1032 3457; x_wconf 89' lang='lat' dir='ltr'><strong>concordia,</strong></span> <span class='ocrx_word' id='word_1_248' title='bbox 1058 3374 1195 3441; x_wconf 89' lang='lat' dir='ltr'><strong>sivein</strong></span> <span class='ocrx_word' id='word_1_249' title='bbox 1221 3374 1403 3443; x_wconf 90' lang='lat' dir='ltr'><strong>hortando</strong></span> <span class='ocrx_word' id='word_1_250' title='bbox 1429 3373 1694 3460; x_wconf 91' lang='lat' dir='ltr'><strong>monendoque</strong></span> 
     </span>
     <span class='ocr_line' id='line_1_31' title="bbox 359 3479 1694 3568; baseline -0.001 -18"><span class='ocrx_word' id='word_1_251' title='bbox 359 3482 509 3552; x_wconf 88' lang='lat' dir='ltr'><strong>solertia</strong></span> <span class='ocrx_word' id='word_1_252' title='bbox 532 3488 568 3552; x_wconf 86' lang='lat' dir='ltr'><strong>et</strong></span> <span class='ocrx_word' id='word_1_253' title='bbox 591 3483 736 3568; x_wconf 74' lang='lat' dir='ltr'><strong>caritas</strong></span> <span class='ocrx_word' id='word_1_254' title='bbox 762 3484 841 3552; x_wconf 88' lang='lat' dir='ltr'><strong>sive</strong></span> <span class='ocrx_word' id='word_1_255' title='bbox 866 3484 899 3550; x_wconf 94' lang='lat' dir='ltr'><strong>in</strong></span> <span class='ocrx_word' id='word_1_256' title='bbox 926 3482 1066 3551; x_wconf 88' lang='lat' dir='ltr'><strong>tuenda</strong></span> <span class='ocrx_word' id='word_1_257' title='bbox 1090 3481 1341 3550; x_wconf 85' lang='lat' dir='ltr'><strong>ecclesiastica</strong></span> <span class='ocrx_word' id='word_1_258' title='bbox 1364 3481 1559 3568; x_wconf 89' lang='lat' dir='ltr'><strong>disciplina</strong></span> <span class='ocrx_word' id='word_1_259' title='bbox 1581 3479 1694 3548; x_wconf 83' lang='lat' dir='ltr'><strong>tirmi-</strong></span> 
     </span>
     <span class='ocr_line' id='line_1_32' title="bbox 356 3588 1692 3676; baseline -0.002 -17"><span class='ocrx_word' id='word_1_260' title='bbox 356 3595 414 3659; x_wconf 87' lang='lat' dir='ltr'><strong>tas</strong></span> <span class='ocrx_word' id='word_1_261' title='bbox 431 3589 539 3658; x_wconf 82' lang='lat' dir='ltr'><strong>officii</strong></span> <span class='ocrx_word' id='word_1_262' title='bbox 557 3588 701 3660; x_wconf 89' lang='lat' dir='ltr'><strong>eluceat</strong></span> <span class='ocrx_word' id='word_1_263' title='bbox 715 3590 927 3675; x_wconf 72' lang='lat' dir='ltr'><strong>singularis.</strong></span> <span class='ocrx_word' id='word_1_264' title='bbox 944 3629 988 3640; x_wconf 96' lang='lat'>-</span> <span class='ocrx_word' id='word_1_265' title='bbox 1004 3590 1177 3657; x_wconf 86' lang='lat' dir='ltr'><strong>Vicissim</strong></span> <span class='ocrx_word' id='word_1_266' title='bbox 1197 3595 1380 3676; x_wconf 83' lang='lat' dir='ltr'><strong>quotquot</strong></span> <span class='ocrx_word' id='word_1_267' title='bbox 1395 3594 1483 3657; x_wconf 88' lang='lat' dir='ltr'><strong>sunt</strong></span> <span class='ocrx_word' id='word_1_268' title='bbox 1497 3607 1546 3657; x_wconf 87' lang='lat' dir='ltr'><strong>ex</strong></span> <span class='ocrx_word' id='word_1_269' title='bbox 1562 3588 1692 3656; x_wconf 89' lang='lat' dir='ltr'><strong>ordine</strong></span> 
     </span>
     <span class='ocr_line' id='line_1_33' title="bbox 357 3697 1691 3786; baseline -0.001 -21"><span class='ocrx_word' id='word_1_270' title='bbox 357 3697 444 3765; x_wconf 91' lang='lat' dir='ltr'><strong>cleri</strong></span> <span class='ocrx_word' id='word_1_271' title='bbox 457 3715 614 3766; x_wconf 85' lang='lat' dir='ltr'><strong>necesse</strong></span> <span class='ocrx_word' id='word_1_272' title='bbox 630 3703 686 3767; x_wconf 89' lang='lat' dir='ltr'><strong>cst</strong></span> <span class='ocrx_word' id='word_1_273' title='bbox 700 3704 739 3767; x_wconf 94' lang='lat' dir='ltr'><strong>ut</strong></span> <span class='ocrx_word' id='word_1_274' title='bbox 750 3699 943 3786; x_wconf 88' lang='lat' dir='ltr'><strong>Episcopis</strong></span> <span class='ocrx_word' id='word_1_275' title='bbox 960 3699 1040 3768; x_wconf 90' lang='lat' dir='ltr'><strong>suis</strong></span> <span class='ocrx_word' id='word_1_276' title='bbox 1057 3717 1210 3765; x_wconf 89' lang='lat' dir='ltr'><strong>summa</strong></span> <span class='ocrx_word' id='word_1_277' title='bbox 1222 3715 1309 3767; x_wconf 92' lang='lat' dir='ltr'><strong>cum</strong></span> <span class='ocrx_word' id='word_1_278' title='bbox 1322 3697 1396 3766; x_wconf 83' lang='lat' dir='ltr'><strong>tide</strong></span> <span class='ocrx_word' id='word_1_279' title='bbox 1409 3697 1691 3778; x_wconf 84' lang='lat' dir='ltr'><strong>adhaerescunt,</strong></span> 
     </span>
     <span class='ocr_line' id='line_1_34' title="bbox 357 3802 1693 3892; baseline -0.001 -21"><span class='ocrx_word' id='word_1_280' title='bbox 357 3823 488 3872; x_wconf 89' lang='lat' dir='ltr'><strong>eorum</strong></span> <span class='ocrx_word' id='word_1_281' title='bbox 514 3805 700 3892; x_wconf 80' lang='lat' dir='ltr'><strong>excipiant</strong></span> <span class='ocrx_word' id='word_1_282' title='bbox 723 3807 873 3892; x_wconf 86' lang='lat' dir='ltr'><strong>monita,</strong></span> <span class='ocrx_word' id='word_1_283' title='bbox 898 3805 1053 3874; x_wconf 89' lang='lat' dir='ltr'><strong>consilia</strong></span> <span class='ocrx_word' id='word_1_284' title='bbox 1076 3811 1113 3874; x_wconf 93' lang='lat' dir='ltr'><strong>ct</strong></span> <span class='ocrx_word' id='word_1_285' title='bbox 1127 3811 1260 3892; x_wconf 88' lang='lat' dir='ltr'><strong>coepta</strong></span> <span class='ocrx_word' id='word_1_286' title='bbox 1275 3806 1467 3892; x_wconf 89' lang='lat' dir='ltr'><strong>adiuvent;</strong></span> <span class='ocrx_word' id='word_1_287' title='bbox 1493 3805 1528 3871; x_wconf 91' lang='lat' dir='ltr'><strong>in</strong></span> <span class='ocrx_word' id='word_1_288' title='bbox 1548 3802 1693 3890; x_wconf 86' lang='lat' dir='ltr'><strong>perfun-</strong></span> 
     </span>
     <span class='ocr_line' id='line_1_35' title="bbox 356 3912 1692 4000; baseline -0.001 -19"><span class='ocrx_word' id='word_1_289' title='bbox 356 3913 476 3981; x_wconf 88' lang='lat' dir='ltr'><strong>ctione</strong></span> <span class='ocrx_word' id='word_1_290' title='bbox 500 3917 627 3980; x_wconf 92' lang='lat' dir='ltr'><strong>autem</strong></span> <span class='ocrx_word' id='word_1_291' title='bbox 651 3933 855 3982; x_wconf 92' lang='lat' dir='ltr'><strong>munerum</strong></span> <span class='ocrx_word' id='word_1_292' title='bbox 879 3931 1087 4000; x_wconf 88' lang='lat' dir='ltr'><strong>sacrorum,</strong></span> <span class='ocrx_word' id='word_1_293' title='bbox 1113 3913 1147 3980; x_wconf 94' lang='lat' dir='ltr'><strong>in</strong></span> <span class='ocrx_word' id='word_1_294' title='bbox 1174 3913 1365 3982; x_wconf 86' lang='lat' dir='ltr'><strong>laboribus</strong></span> <span class='ocrx_word' id='word_1_295' title='bbox 1390 3932 1457 3999; x_wconf 90' lang='lat' dir='ltr'><strong>pro</strong></span> <span class='ocrx_word' id='word_1_296' title='bbox 1483 3912 1602 3980; x_wconf 89' lang='lat' dir='ltr'><strong>salute</strong></span> <span class='ocrx_word' id='word_1_297' title='bbox 1627 3912 1692 3979; x_wconf 92' lang='lat' dir='ltr'><strong>bo·</strong></span> 
     </span>
     <span class='ocr_line' id='line_1_36' title="bbox 357 4017 1690 4106; baseline -0.003 -20"><span class='ocrx_word' id='word_1_298' title='bbox 357 4019 502 4088; x_wconf 91' lang='lat' dir='ltr'><strong>minum</strong></span> <span class='ocrx_word' id='word_1_299' title='bbox 527 4019 755 4106; x_wconf 88' lang='lat' dir='ltr'><strong>sempiterna</strong></span> <span class='ocrx_word' id='word_1_300' title='bbox 787 4019 1033 4106; x_wconf 89' lang='lat' dir='ltr'><strong>suscipiendis</strong></span> <span class='ocrx_word' id='word_1_301' title='bbox 1055 4025 1251 4106; x_wconf 90' lang='lat' dir='ltr'><strong>promptos</strong></span> <span class='ocrx_word' id='word_1_302' title='bbox 1286 4038 1436 4106; x_wconf 91' lang='lat' dir='ltr'><strong>semper</strong></span> <span class='ocrx_word' id='word_1_303' title='bbox 1459 4017 1690 4104; x_wconf 55' lang='lat' dir='ltr'><strong>alacresque,</strong></span> 
     </span>
     <span class='ocr_line' id='line_1_37' title="bbox 356 4127 1691 4214; baseline -0.001 -20"><span class='ocrx_word' id='word_1_304' title='bbox 356 4127 508 4196; x_wconf 89' lang='lat' dir='ltr'><strong>caritate</strong></span> <span class='ocrx_word' id='word_1_305' title='bbox 539 4127 644 4213; x_wconf 91' lang='lat' dir='ltr'><strong>duce,</strong></span> <span class='ocrx_word' id='word_1_306' title='bbox 677 4145 762 4194; x_wconf 90' lang='lat' dir='ltr'><strong>sese</strong></span> <span class='ocrx_word' id='word_1_307' title='bbox 785 4128 1005 4214; x_wconf 88' lang='lat' dir='ltr'><strong>impertiant.</strong></span> <span class='ocrx_word' id='word_1_308' title='bbox 1030 4128 1188 4196; x_wconf 89' lang='lat' dir='ltr'><strong>—Cum</strong></span> <span class='ocrx_word' id='word_1_309' title='bbox 1220 4146 1310 4195; x_wconf 89' lang='lat' dir='ltr'><strong>vero</strong></span> <span class='ocrx_word' id='word_1_310' title='bbox 1334 4129 1370 4195; x_wconf 91' lang='lat' dir='ltr'><strong>in</strong></span> <span class='ocrx_word' id='word_1_311' title='bbox 1395 4146 1529 4195; x_wconf 88' lang='lat' dir='ltr'><strong>onmes</strong></span> <span class='ocrx_word' id='word_1_312' title='bbox 1563 4131 1691 4212; x_wconf 90' lang='lat' dir='ltr'><strong>partes</strong></span> 
     </span>
     <span class='ocr_line' id='line_1_38' title="bbox 359 4232 1692 4322; baseline -0.002 -20"><span class='ocrx_word' id='word_1_313' title='bbox 359 4235 563 4322; x_wconf 90' lang='lat' dir='ltr'><strong>plurimum</strong></span> <span class='ocrx_word' id='word_1_314' title='bbox 587 4235 732 4320; x_wconf 86' lang='lat' dir='ltr'><strong>possint</strong></span> <span class='ocrx_word' id='word_1_315' title='bbox 755 4235 995 4303; x_wconf 89' lang='lat' dir='ltr'><strong>sacerdotum</strong></span> <span class='ocrx_word' id='word_1_316' title='bbox 1019 4234 1204 4321; x_wconf 89' lang='lat' dir='ltr'><strong>exempla,</strong></span> <span class='ocrx_word' id='word_1_317' title='bbox 1230 4234 1413 4321; x_wconf 84' lang='lat' dir='ltr'><strong>imprimis</strong></span> <span class='ocrx_word' id='word_1_318' title='bbox 1429 4232 1611 4318; x_wconf 90' lang='lat' dir='ltr'><strong>studeant,</strong></span> <span class='ocrx_word' id='word_1_319' title='bbox 1637 4252 1692 4300; x_wconf 88' lang='lat' dir='ltr'><strong>so·</strong></span> 
     </span>
     <span class='ocr_line' id='line_1_39' title="bbox 356 4341 1691 4429; baseline -0.001 -19"><span class='ocrx_word' id='word_1_320' title='bbox 356 4344 537 4429; x_wconf 88' lang='lat' dir='ltr'><strong>metipsos</strong></span> <span class='ocrx_word' id='word_1_321' title='bbox 561 4343 688 4411; x_wconf 88' lang='lat' dir='ltr'><strong>vivam</strong></span> <span class='ocrx_word' id='word_1_322' title='bbox 705 4345 848 4412; x_wconf 87' lang='lat' dir='ltr'><strong>virtutis</strong></span> <span class='ocrx_word' id='word_1_323' title='bbox 873 4349 908 4412; x_wconf 89' lang='lat' dir='ltr'><strong>ct</strong></span> <span class='ocrx_word' id='word_1_324' title='bbox 923 4341 1168 4411; x_wconf 89' lang='lat' dir='ltr'><strong>continentiae</strong></span> <span class='ocrx_word' id='word_1_325' title='bbox 1184 4341 1345 4411; x_wconf 83' lang='lat' dir='ltr'><strong>formam</strong></span> <span class='ocrx_word' id='word_1_326' title='bbox 1368 4342 1486 4411; x_wconf 90' lang='lat' dir='ltr'><strong>oculis</strong></span> <span class='ocrx_word' id='word_1_327' title='bbox 1501 4341 1691 4409; x_wconf 88' lang='lat' dir='ltr'><strong>christiani</strong></span> 
     </span>
     <span class='ocr_line' id='line_1_40' title="bbox 356 4449 1688 4538; baseline -0.001 -20"><span class='ocrx_word' id='word_1_328' title='bbox 356 4449 483 4538; x_wconf 88' lang='lat' dir='ltr'><strong>populi</strong></span> <span class='ocrx_word' id='word_1_329' title='bbox 507 4457 721 4520; x_wconf 88' lang='lat' dir='ltr'><strong>constanter</strong></span> <span class='ocrx_word' id='word_1_330' title='bbox 736 4451 924 4519; x_wconf 88' lang='lat' dir='ltr'><strong>exhibere.</strong></span> <span class='ocrx_word' id='word_1_331' title='bbox 950 4452 1064 4519; x_wconf 88' lang='lat' dir='ltr'><strong>Caute</strong></span> <span class='ocrx_word' id='word_1_332' title='bbox 1089 4470 1178 4519; x_wconf 89' lang='lat' dir='ltr'><strong>vere</strong></span> <span class='ocrx_word' id='word_1_333' title='bbox 1204 4450 1361 4536; x_wconf 90' lang='lat' dir='ltr'><strong>videant,</strong></span> <span class='ocrx_word' id='word_1_334' title='bbox 1387 4471 1433 4520; x_wconf 91' lang='lat' dir='ltr'><strong>nc</strong></span> <span class='ocrx_word' id='word_1_335' title='bbox 1449 4451 1610 4519; x_wconf 91' lang='lat' dir='ltr'><strong>civilium</strong></span> <span class='ocrx_word' id='word_1_336' title='bbox 1630 4451 1688 4518; x_wconf 91' lang='lat' dir='ltr'><strong>vel</strong></span> 
     </span>
     <span class='ocr_line' id='line_1_41' title="bbox 356 4553 1688 4648; baseline 0.004 -26"><span class='ocrx_word' id='word_1_337' title='bbox 356 4553 588 4648; x_wconf 87' lang='lat' dir='ltr'><strong>politicarum</strong></span> <span class='ocrx_word' id='word_1_338' title='bbox 616 4575 742 4626; x_wconf 92' lang='lat' dir='ltr'><strong>rerum</strong></span> <span class='ocrx_word' id='word_1_339' title='bbox 761 4557 894 4626; x_wconf 91' lang='lat' dir='ltr'><strong>studiis</strong></span> <span class='ocrx_word' id='word_1_340' title='bbox 917 4557 1002 4645; x_wconf 90' lang='lat' dir='ltr'><strong>plus</strong></span> <span class='ocrx_word' id='word_1_341' title='bbox 1026 4557 1140 4627; x_wconf 92' lang='lat' dir='ltr'><strong>nimio</strong></span> <span class='ocrx_word' id='word_1_342' title='bbox 1158 4577 1200 4628; x_wconf 87' lang='lat' dir='ltr'><strong>se</strong></span> <span class='ocrx_word' id='word_1_343' title='bbox 1216 4559 1369 4644; x_wconf 83' lang='lat' dir='ltr'><strong>dedant3</strong></span> <span class='ocrx_word' id='word_1_344' title='bbox 1395 4557 1559 4648; x_wconf 84' lang='lat' dir='ltr'><strong>illudque</strong></span> <span class='ocrx_word' id='word_1_345' title='bbox 1575 4579 1688 4648; x_wconf 86' lang='lat' dir='ltr'><strong>saepe</strong></span> 
     </span>
    </p>
   </div>
   <div class='ocr_carea' id='block_1_3' title="bbox 0 0 1840 5216">
    <p class='ocr_par' dir='ltr' id='par_1_5' title="bbox 0 0 1840 5216">
     <span class='ocr_line' id='line_1_42' title="bbox 0 0 1840 5216; baseline 0 3"><span class='ocrx_word' id='word_1_346' title='bbox 0 0 1840 5216; x_wconf 95' lang='lat' dir='ltr'><strong> </strong></span> 
     </span>
    </p>
   </div>
  </div>
 </body>
</html>
