3672 5216
304 299 310 308 Ι
648 233 801 282 crtsrota
824 236 1004 282 cucrcuca
1437 221 1492 288 133

153 334 319 424 telligant
341 338 451 426 igitur
474 339 647 408 homines
673 339 794 425 vestri,
821 345 970 428 tempus
994 341 1069 408 iam
1094 359 1179 409 esse
1203 341 1331 410 conari
1355 342 1493 430 aliquid

155 444 280 512 maius
305 446 341 512 in
360 446 431 514 ltoc
446 463 594 534 guttere,
619 447 796 535 omnique
814 449 955 517 ratione
970 449 1118 518 efficere
1137 454 1176 517 ut
1192 449 1331 536 scripta
1347 451 1492 536 scriptis

155 560 404 641 opponantur,
430 575 528 642 quae
552 556 797 644 magnitudini
820 557 1033 626 certaminis
1050 558 1162 644 paria
1185 557 1356 644 existant,
1381 562 1492 646 atque

155 661 291 730 idonea
314 661 423 730 malis
446 664 615 732 remedia
638 664 884 751 suppeditent.

245 771 411 840 Maxime
438 789 537 856 roro,
563 771 808 840 venerabiles
832 774 991 858 Fratres
1013 772 1138 842 studia
1165 777 1289 842 restra
1312 774 1346 840 in
1363 791 1494 859 puero·

156 899 241 948 rum
258 885 372 966 atque
384 877 677 948 adolescentium
691 878 915 948 institutione
927 877 1007 947 fixa
1022 885 1059 948 ct
1074 879 1191 949 locata
1205 898 1290 948 esse
1304 880 1491 948 volumus.

155 991 263 1057 Mens
286 988 402 1057 Nubis
427 1006 500 1055 non
526 993 582 1057 est
605 1005 650 1056 ea
675 987 815 1074 iterare,
840 1007 938 1076 quae
963 989 1096 1057 iamin
1122 988 1254 1057 iisdem
1278 989 1327 1058 ad
1352 1007 1421 1058 vos
1445 989 1493 1058 lit·

155 1097 252 1180 teris
278 1095 377 1164 initio
393 1095 709 1180 commemoratis,
735 1097 1001 1183 exposuimus:
1025 1094 1147 1164 lacere
1164 1101 1288 1165 tamen
1311 1113 1386 1163 non
1412 1115 1494 1182 pos·

154 1223 290 1272 sumus
314 1203 402 1292 quin
438 1202 638 1286 nonnulla,
663 1221 761 1289 quae
785 1203 969 1290 gravioris
993 1202 1172 1270 momenti
1206 1207 1303 1288 sunt,
1329 1202 1491 1270 brevitor

153 1312 392 1398 attingamus.
409 1347 452 1358 —-
468 1311 520 1376 De
544 1309 836 1396 primordiorum
854 1311 1001 1396 scholis,
1027 1311 1244 1380 instandum
1267 1310 1493 1398 urgendum-

155 1437 228 1506 que
252 1421 316 1502 est,
342 1415 584 1484 venerabiles
608 1418 767 1502 Fratres,
793 1422 834 1486 ut
857 1418 1033 1486 curiones
1056 1417 1242 1503 ceterique
1277 1417 1491 1485 animarum

154 1529 348 1594 curatores
361 1542 512 1592 summo
525 1524 562 1591 in
575 1542 641 1593 eas
654 1524 776 1593 studio
789 1525 1019 1594 continenter
1032 1523 1213 1612 evigilent,
1227 1525 1491 1612 maximasque

154 1637 295 1720 ponunt
318 1630 428 1700 officii
451 1631 510 1700 sui
534 1635 662 1718 partes
685 1631 722 1698 in
746 1631 911 1700 alumnis
934 1650 1042 1700 sacra
1074 1631 1243 1700 doctrina
1266 1632 1489 1701 erudiendis.

153 1739 242 1808 Tale
267 1757 357 1807 vero
383 1755 532 1824 munus,
558 1737 681 1807 nobile
705 1751 816 1826 atque
840 1757 1039 1826 gravene
1064 1739 1206 1808 alienae
1238 1739 1489 1826 procurationi

152 1847 375 1934 permittant,
401 1846 468 1913 sed
485 1845 555 1932 ipsi
571 1845 640 1936 sibi
663 1853 862 1915 assumant
878 1847 1116 1934 habeantque
1132 1846 1382 1934 carissimum,
1401 1865 1488 1914 cum

151 1959 297 2023 certum
323 1954 415 2022 sita
439 1971 534 2021 sana
556 1953 693 2040 piaque
717 1955 869 2040 puerilis
885 1955 1014 2023 aetatis
1038 1955 1273 2042 institutione,
1291 1973 1366 2023 non
1391 1953 1491 2024 fami·

151 2063 287 2131 liarum
311 2060 447 2145 solum,
472 2060 538 2128 sed
564 2061 616 2128 rei
639 2061 757 2148 ipsius
781 2061 952 2148 publicae
981 2057 1286 2132 incolumitatem
1308 2081 1488 2150 magnam

151 2175 299 2258 partem
322 2168 498 2254 pendere.
525 2168 655 2255 Neque
680 2168 901 2238 industriam
924 2169 1190 2257 solertiamque
1213 2170 1349 2256 putetis
1373 2169 1486 2239 ullam

152 2275 229 2344 fore
252 2263 406 2360 tantam,
424 2275 512 2363 quin
537 2276 584 2344 sit
598 2275 812 2346 adhibenda
835 2278 955 2346 maior
971 2281 1011 2347 ut
1027 2277 1177 2347 scholae
1193 2277 1378 2348 eiusmodi
1394 2278 1487 2350 laeta

151 2383 315 2472 quotidie
339 2382 568 2452 incrementa
591 2383 749 2470 capiant.
776 2383 867 2451 lllnd
894 2383 1002 2452 talde
1026 2389 1282 2470 opportunum
1306 2382 1423 2468 fuerit,
1448 2385 1485 2451 in

151 2507 380 2576 unaquaque
404 2487 571 2558 Dioecesi
604 2490 835 2576 laspcetares
870 2490 1088 2558 scholarum
1112 2495 1147 2558 et
1170 2489 1430 2559 dioecesanum
1454 2499 1490 2560 et

148 2595 347 2664 decooulcs
363 2597 545 2681 constitui,
563 2597 790 2684 quibusoam
807 2597 1003 2685 quotannis
1020 2599 1193 2686 Episcopi
1209 2598 1254 2666 de
1271 2598 1488 2668 scholarum

149 2709 248 2772 statu
273 2708 310 2772 et
332 2702 551 2788 conditione,
578 2704 693 2772 immo
718 2710 754 2774 et
777 2705 823 2774 de
847 2705 981 2774 ceteris
997 2707 1112 2774 rebus
1138 2706 1187 2775 ad
1203 2703 1327 2791 fidem,
1346 2706 1394 2774 ad
1410 2724 1488 2775 mo-

149 2830 221 2895 res,
240 2811 289 2880 ad
305 2811 520 2882 animarum
536 2831 667 2881 curam
685 2814 964 2901 pertinentibus,
982 2815 1136 2884 consilia
1151 2813 1353 2884 conferant.
1379 2817 1486 2897 Quod

149 2918 178 2986 si
205 2935 364 2987 neeesse
388 2913 498 2988 sit'ut
523 2919 579 2988 vel
605 2939 727 2990 novae
762 2922 1010 3009 instituantur,
1035 2942 1104 3010 pro
1140 2923 1310 2991 locorum
1333 2925 1485 3010 ratione,

149 3024 315 3110 scholae,
341 3025 398 3093 vel
424 3025 564 3094 utiam
589 3028 759 3097 conditae
783 3027 1066 3122 amplificentur,
1092 3029 1246 3099 minime
1270 3029 1487 3100 dubitantus

148 3134 239 3221 quin
266 3139 407 3219 vestra,
433 3133 677 3203 Venerabiles
709 3137 873 3223 Fratres,
901 3137 1027 3206 multis
1050 3139 1126 3207 iam
1161 3137 1356 3225 explorata
1379 3157 1487 3225 trigu-

147 3243 295 3326 mentis,
320 3241 484 3329 itemque
507 3241 775 3311 catholicorum
801 3245 997 3332 bominum
1023 3265 1071 3314 ex
1087 3246 1190 3314 omni
1214 3247 1343 3316 ordine
1361 3245 1486 3316 libera·

147 3348 230 3416 litas
256 3361 430 3435 prompta
454 3349 501 3416 sit
524 3352 561 3418 et
583 3367 768 3435 generosa
793 3349 978 3420 adfutura.

239 3457 291 3524 De
316 3454 450 3524 mediis
485 3474 587 3542 vero,
613 3461 653 3524 ut
675 3457 787 3543 aiunt,
824 3459 945 3546 deque
981 3459 1168 3528 maiorum
1203 3459 1485 3547 disciplinarum

146 3561 308 3645 scholis,
346 3563 581 3648 perstudiose
615 3565 828 3634 cavendum
853 3585 899 3634 no
923 3567 1021 3635 bona
1057 3566 1118 3636 illa
1143 3567 1245 3638 velut
1279 3570 1425 3638 semina
1447 3569 1484 3636 iu

145 3669 296 3760 animos
330 3687 536 3754 puerorum
571 3669 715 3757 infusa,
752 3674 889 3741 misere
923 3674 960 3741 in
984 3657 1286 3744 adolescentibus
1320 3684 1483 3763 percant.

146 3778 339 3858 Quantum
363 3776 473 3864 igitur
497 3776 556 3844 vel
583 3779 730 3866 agendo
756 3779 814 3847 vel
839 3781 1008 3867 rogando
1043 3783 1208 3870 potestis
1234 3787 1378 3853 tantum
1402 3805 1485 3854 can-

145 3883 293 3966 tondite,
319 3883 563 3954 venerabiles
579 3886 738 3973 Fratres,
764 3892 804 3957 ut
827 3887 1012 3956 eiusmodi
1027 3888 1196 3976 pericula
1211 3890 1268 3960 vel
1285 3911 1484 3960 amovean-

145 3995 205 4060 tur
230 3991 289 4060 vel
314 3991 549 4061 minuantur:
573 3993 831 4082 imprimisque
856 3994 1054 4080 pastoralis
1078 3994 1226 4064 solertia
1244 4002 1368 4067 vostra
1386 4000 1421 4066 in
1438 4019 1483 4067 eo

146 4097 280 4184 valent,
305 4101 347 4166 ut
370 4098 682 4184 praelectionibus
707 4099 753 4168 de
777 4100 953 4190 religione
977 4101 1169 4170 tradendis
1193 4103 1301 4190 probi
1325 4104 1484 4192 deligan·
1600 4189 1603 4196 Ι

146 4213 204 4274 tur
228 4205 403 4292 doctique
427 4206 506 4292 riri,
532 4210 646 4294 utque
670 4227 736 4309 eae
761 4213 1028 4278 removeantur
1052 4228 1202 4296 causae,
1227 4229 1325 4298 quae
1350 4211 1500 4283 saluta·

145 4331 227 4380 rem
251 4318 364 4400 atque
388 4312 545 4382 uberem
569 4314 791 4384 earumdem
814 4313 977 4384 fructum
1002 4315 1113 4384 nimis
1129 4335 1242 4404 saepe
1267 4317 1482 4405 impediunt.

146 4457 185 4466 -
203 4421 389 4506 Ceterum,
415 4421 482 4490 etsi
505 4421 621 4490 Nobis
645 4420 739 4490 bene
755 4423 924 4510 cognitae
949 4429 1037 4491 sunt
1051 4422 1306 4512 probataeque
1330 4445 1443 4496 cirrae
1460 4449 1484 4496 a

147 4527 425 4615 vobismetipsis
460 4527 615 4598 collatae
647 4533 688 4598 ut
720 4529 813 4598 istae
850 4529 1060 4600 studiorum
1096 4515 1324 4618 optimorum
1351 4533 1481 4620 sodes,
