<?xml version="1.0" encoding="UTF-8"?>
<!DOCTYPE html PUBLIC "-//W3C//DTD XHTML 1.0 Transitional//EN"
    "http://www.w3.org/TR/xhtml1/DTD/xhtml1-transitional.dtd">
<html xmlns="http://www.w3.org/1999/xhtml" xml:lang="en" lang="en">
 <head>
  <title>
</title>
<meta http-equiv="Content-Type" content="text/html;charset=utf-8" />
  <meta name='ocr-system' content='tesseract 3.04.00' />
  <meta name='ocr-capabilities' content='ocr_page ocr_carea ocr_par ocr_line ocrx_word'/>
</head>
<body>
  <div class='ocr_page' id='page_1' title='image "actasanctaesedi01popegoog_0215.png"; bbox 0 0 3694 5230; ppageno 0'>
   <div class='ocr_carea' id='block_1_1' title="bbox 399 235 1142 298">
    <p class='ocr_par' dir='ltr' id='par_1_1' title="bbox 399 235 1142 298">
     <span class='ocr_line' id='line_1_1' title="bbox 399 235 1142 298; baseline -0.012 -1"><span class='ocrx_word' id='word_1_1' title='bbox 399 235 459 298; x_wconf 78' lang='lat'><strong>208</strong></span> <span class='ocrx_word' id='word_1_2' title='bbox 989 249 1142 294; x_wconf 70' lang='lat' dir='ltr'><strong>aurnuns.</strong></span> 
     </span>
    </p>
   </div>
   <div class='ocr_carea' id='block_1_2' title="bbox 323 348 1839 4150">
    <p class='ocr_par' dir='ltr' id='par_1_2' title="bbox 393 348 1839 2373">
     <span class='ocr_line' id='line_1_2' title="bbox 396 348 1744 468; baseline -0.004 -40"><span class='ocrx_word' id='word_1_3' title='bbox 396 355 465 468; x_wconf 76' lang='lat' dir='ltr'><strong>bus</strong></span> <span class='ocrx_word' id='word_1_4' title='bbox 494 350 625 442; x_wconf 88' lang='lat' dir='ltr'><strong>tertia,</strong></span> <span class='ocrx_word' id='word_1_5' title='bbox 657 348 819 450; x_wconf 87' lang='lat' dir='ltr'><strong>septima</strong></span> <span class='ocrx_word' id='word_1_6' title='bbox 846 355 886 425; x_wconf 90' lang='lat' dir='ltr'><strong>et</strong></span> <span class='ocrx_word' id='word_1_7' title='bbox 913 349 1113 450; x_wconf 81' lang='lat' dir='ltr'><strong>trigesima</strong></span> <span class='ocrx_word' id='word_1_8' title='bbox 1140 349 1186 424; x_wconf 91' lang='lat' dir='ltr'><strong>ad</strong></span> <span class='ocrx_word' id='word_1_9' title='bbox 1207 352 1392 426; x_wconf 87' lang='lat' dir='ltr'><strong>rectorem</strong></span> <span class='ocrx_word' id='word_1_10' title='bbox 1410 349 1744 426; x_wconf 74' lang='lat' dir='ltr'><strong>confraternitatis</strong></span> 
     </span>
     <span class='ocr_line' id='line_1_3' title="bbox 397 468 1746 572; baseline -0.001 -24"><span class='ocrx_word' id='word_1_11' title='bbox 397 474 439 548; x_wconf 90' lang='lat' dir='ltr'><strong>in</strong></span> <span class='ocrx_word' id='word_1_12' title='bbox 468 495 558 547; x_wconf 89' lang='lat' dir='ltr'><strong>casu</strong></span> <span class='ocrx_word' id='word_1_13' title='bbox 586 468 790 572; x_wconf 88' lang='lat' dir='ltr'><strong>pertinere.</strong></span> <span class='ocrx_word' id='word_1_14' title='bbox 824 469 866 544; x_wconf 91' lang='lat' dir='ltr'><strong>ld</strong></span> <span class='ocrx_word' id='word_1_15' title='bbox 894 494 985 544; x_wconf 90' lang='lat' dir='ltr'><strong>vero</strong></span> <span class='ocrx_word' id='word_1_16' title='bbox 1008 470 1156 546; x_wconf 82' lang='lat' dir='ltr'><strong>adstrui</strong></span> <span class='ocrx_word' id='word_1_17' title='bbox 1184 473 1314 546; x_wconf 88' lang='lat' dir='ltr'><strong>censet</strong></span> <span class='ocrx_word' id='word_1_18' title='bbox 1332 493 1381 544; x_wconf 85' lang='lat' dir='ltr'><strong>ex</strong></span> <span class='ocrx_word' id='word_1_19' title='bbox 1399 493 1442 544; x_wconf 89' lang='lat' dir='ltr'><strong>eo</strong></span> <span class='ocrx_word' id='word_1_20' title='bbox 1470 469 1566 570; x_wconf 90' lang='lat' dir='ltr'><strong>quod</strong></span> <span class='ocrx_word' id='word_1_21' title='bbox 1591 468 1746 546; x_wconf 90' lang='lat' dir='ltr'><strong>confra-</strong></span> 
     </span>
     <span class='ocr_line' id='line_1_4' title="bbox 396 586 1747 692; baseline -0.001 -26"><span class='ocrx_word' id='word_1_22' title='bbox 396 591 559 666; x_wconf 85' lang='lat' dir='ltr'><strong>ternitas</strong></span> <span class='ocrx_word' id='word_1_23' title='bbox 587 589 629 663; x_wconf 89' lang='lat' dir='ltr'><strong>in</strong></span> <span class='ocrx_word' id='word_1_24' title='bbox 657 586 816 663; x_wconf 88' lang='lat' dir='ltr'><strong>ecclesia</strong></span> <span class='ocrx_word' id='word_1_25' title='bbox 844 588 981 665; x_wconf 83' lang='lat' dir='ltr'><strong>SSdiae</strong></span> <span class='ocrx_word' id='word_1_26' title='bbox 1010 589 1288 681; x_wconf 61' lang='lat' dir='ltr'><strong>itnnuntiatae,</strong></span> <span class='ocrx_word' id='word_1_27' title='bbox 1312 588 1545 664; x_wconf 82' lang='lat' dir='ltr'><strong>assentiente</strong></span> <span class='ocrx_word' id='word_1_28' title='bbox 1573 589 1747 692; x_wconf 88' lang='lat' dir='ltr'><strong>capitulo</strong></span> 
     </span>
     <span class='ocr_line' id='line_1_5' title="bbox 396 703 1745 810; baseline -0.001 -24"><span class='ocrx_word' id='word_1_29' title='bbox 396 706 602 810; x_wconf 85' lang='lat' dir='ltr'><strong>collegiali,</strong></span> <span class='ocrx_word' id='word_1_30' title='bbox 643 703 814 807; x_wconf 80' lang='lat' dir='ltr'><strong>legitime</strong></span> <span class='ocrx_word' id='word_1_31' title='bbox 852 705 1059 800; x_wconf 88' lang='lat' dir='ltr'><strong>translata,</strong></span> <span class='ocrx_word' id='word_1_32' title='bbox 1095 706 1218 807; x_wconf 85' lang='lat' dir='ltr'><strong>ibique</strong></span> <span class='ocrx_word' id='word_1_33' title='bbox 1253 706 1431 783; x_wconf 88' lang='lat' dir='ltr'><strong>canonice</strong></span> <span class='ocrx_word' id='word_1_34' title='bbox 1459 711 1587 784; x_wconf 84' lang='lat' dir='ltr'><strong>erecta</strong></span> <span class='ocrx_word' id='word_1_35' title='bbox 1624 707 1745 784; x_wconf 89' lang='lat' dir='ltr'><strong>fuerit</strong></span> 
     </span>
     <span class='ocr_line' id='line_1_6' title="bbox 395 826 1743 928; baseline -0.001 -23"><span class='ocrx_word' id='word_1_36' title='bbox 395 828 497 906; x_wconf 90' lang='lat' dir='ltr'><strong>haud</strong></span> <span class='ocrx_word' id='word_1_37' title='bbox 524 827 639 906; x_wconf 88' lang='lat' dir='ltr'><strong>aliter</strong></span> <span class='ocrx_word' id='word_1_38' title='bbox 667 851 710 901; x_wconf 91' lang='lat' dir='ltr'><strong>ac</strong></span> <span class='ocrx_word' id='word_1_39' title='bbox 737 827 843 928; x_wconf 90' lang='lat' dir='ltr'><strong>prius</strong></span> <span class='ocrx_word' id='word_1_40' title='bbox 878 827 1032 928; x_wconf 83' lang='lat' dir='ltr'><strong>vigebat</strong></span> <span class='ocrx_word' id='word_1_41' title='bbox 1060 827 1101 903; x_wconf 92' lang='lat' dir='ltr'><strong>in</strong></span> <span class='ocrx_word' id='word_1_42' title='bbox 1129 827 1287 903; x_wconf 88' lang='lat' dir='ltr'><strong>ecclesia</strong></span> <span class='ocrx_word' id='word_1_43' title='bbox 1324 826 1364 902; x_wconf 88' lang='lat' dir='ltr'><strong>S.</strong></span> <span class='ocrx_word' id='word_1_44' title='bbox 1396 827 1542 903; x_wconf 89' lang='lat' dir='ltr'><strong>Mariae</strong></span> <span class='ocrx_word' id='word_1_45' title='bbox 1579 829 1743 921; x_wconf 72' lang='lat' dir='ltr'><strong>veteriS,</strong></span> 
     </span>
     <span class='ocr_line' id='line_1_7' title="bbox 394 945 1747 1049; baseline -0.003 -23"><span class='ocrx_word' id='word_1_46' title='bbox 394 975 481 1026; x_wconf 93' lang='lat' dir='ltr'><strong>cum</strong></span> <span class='ocrx_word' id='word_1_47' title='bbox 509 947 683 1026; x_wconf 88' lang='lat' dir='ltr'><strong>omnibus</strong></span> <span class='ocrx_word' id='word_1_48' title='bbox 712 945 891 1024; x_wconf 88' lang='lat' dir='ltr'><strong>videlicet</strong></span> <span class='ocrx_word' id='word_1_49' title='bbox 918 946 1078 1039; x_wconf 69' lang='lat' dir='ltr'><strong>iuribus</strong></span> <span class='ocrx_word' id='word_1_50' title='bbox 1110 945 1340 1049; x_wconf 65' lang='lat' dir='ltr'><strong>privilegiis</strong></span> <span class='ocrx_word' id='word_1_51' title='bbox 1358 947 1555 1039; x_wconf 87' lang='lat' dir='ltr'><strong>reditibus,</strong></span> <span class='ocrx_word' id='word_1_52' title='bbox 1588 946 1747 1024; x_wconf 91' lang='lat' dir='ltr'><strong>honori-</strong></span> 
     </span>
     <span class='ocr_line' id='line_1_8' title="bbox 393 1065 1745 1167; baseline -0.001 -22"><span class='ocrx_word' id='word_1_53' title='bbox 393 1070 462 1146; x_wconf 89' lang='lat' dir='ltr'><strong>bus</strong></span> <span class='ocrx_word' id='word_1_54' title='bbox 490 1071 530 1144; x_wconf 88' lang='lat' dir='ltr'><strong>et</strong></span> <span class='ocrx_word' id='word_1_55' title='bbox 557 1065 756 1157; x_wconf 89' lang='lat' dir='ltr'><strong>oneribus,</strong></span> <span class='ocrx_word' id='word_1_56' title='bbox 794 1065 927 1167; x_wconf 90' lang='lat' dir='ltr'><strong>quibus</strong></span> <span class='ocrx_word' id='word_1_57' title='bbox 965 1066 1093 1142; x_wconf 88' lang='lat' dir='ltr'><strong>fuerat</strong></span> <span class='ocrx_word' id='word_1_58' title='bbox 1128 1066 1341 1166; x_wconf 86' lang='lat' dir='ltr'><strong>antiquitus</strong></span> <span class='ocrx_word' id='word_1_59' title='bbox 1374 1066 1569 1143; x_wconf 85' lang='lat' dir='ltr'><strong>instituta.</strong></span> <span class='ocrx_word' id='word_1_60' title='bbox 1612 1067 1745 1156; x_wconf 82' lang='lat' dir='ltr'><strong>Quum</strong></span> 
     </span>
     <span class='ocr_line' id='line_1_9' title="bbox 394 1187 1839 1291; baseline 0.002 -27"><span class='ocrx_word' id='word_1_61' title='bbox 394 1213 488 1266; x_wconf 85' lang='lat' dir='ltr'><strong>vero</strong></span> <span class='ocrx_word' id='word_1_62' title='bbox 515 1213 564 1264; x_wconf 90' lang='lat' dir='ltr'><strong>ex</strong></span> <span class='ocrx_word' id='word_1_63' title='bbox 592 1188 672 1263; x_wconf 89' lang='lat' dir='ltr'><strong>suis</strong></span> <span class='ocrx_word' id='word_1_64' title='bbox 700 1187 844 1264; x_wconf 88' lang='lat' dir='ltr'><strong>iuribus</strong></span> <span class='ocrx_word' id='word_1_65' title='bbox 864 1193 976 1288; x_wconf 87' lang='lat' dir='ltr'><strong>atque</strong></span> <span class='ocrx_word' id='word_1_66' title='bbox 996 1189 1156 1264; x_wconf 87' lang='lat' dir='ltr'><strong>statutis</strong></span> <span class='ocrx_word' id='word_1_67' title='bbox 1175 1193 1407 1291; x_wconf 87' lang='lat' dir='ltr'><strong>potestatem</strong></span> <span class='ocrx_word' id='word_1_68' title='bbox 1426 1213 1574 1290; x_wconf 88' lang='lat' dir='ltr'><strong>semper</strong></span> <span class='ocrx_word' id='word_1_69' title='bbox 1602 1189 1747 1267; x_wconf 91' lang='lat' dir='ltr'><strong>habue-</strong></span> <span class='ocrx_word' id='word_1_70' title='bbox 1838 1193 1839 1196; x_wconf 67' lang='grc'>’</span> 
     </span>
     <span class='ocr_line' id='line_1_10' title="bbox 394 1307 1747 1412; baseline 0.001 -27"><span class='ocrx_word' id='word_1_71' title='bbox 394 1311 462 1403; x_wconf 88' lang='lat' dir='ltr'><strong>rit,</strong></span> <span class='ocrx_word' id='word_1_72' title='bbox 492 1334 561 1385; x_wconf 90' lang='lat' dir='ltr'><strong>ceu</strong></span> <span class='ocrx_word' id='word_1_73' title='bbox 580 1308 619 1384; x_wconf 93' lang='lat' dir='ltr'><strong>in</strong></span> <span class='ocrx_word' id='word_1_74' title='bbox 641 1331 818 1410; x_wconf 82' lang='lat' dir='ltr'><strong>praesens</strong></span> <span class='ocrx_word' id='word_1_75' title='bbox 849 1309 975 1402; x_wconf 88' lang='lat' dir='ltr'><strong>habet,</strong></span> <span class='ocrx_word' id='word_1_76' title='bbox 1007 1309 1201 1412; x_wconf 88' lang='lat' dir='ltr'><strong>proprium</strong></span> <span class='ocrx_word' id='word_1_77' title='bbox 1229 1307 1395 1410; x_wconf 81' lang='lat' dir='ltr'><strong>eligendi</strong></span> <span class='ocrx_word' id='word_1_78' title='bbox 1424 1307 1666 1410; x_wconf 89' lang='lat' dir='ltr'><strong>spiritualem</strong></span> <span class='ocrx_word' id='word_1_79' title='bbox 1686 1335 1747 1386; x_wconf 90' lang='lat' dir='ltr'><strong>re-</strong></span> 
     </span>
     <span class='ocr_line' id='line_1_11' title="bbox 394 1427 1746 1531; baseline -0.002 -24"><span class='ocrx_word' id='word_1_80' title='bbox 394 1436 553 1524; x_wconf 83' lang='lat' dir='ltr'><strong>ctorem,</strong></span> <span class='ocrx_word' id='word_1_81' title='bbox 585 1427 707 1504; x_wconf 87' lang='lat' dir='ltr'><strong>ueluti</strong></span> <span class='ocrx_word' id='word_1_82' title='bbox 735 1427 900 1531; x_wconf 90' lang='lat' dir='ltr'><strong>idipsum</strong></span> <span class='ocrx_word' id='word_1_83' title='bbox 920 1453 1032 1529; x_wconf 80' lang='lat' dir='ltr'><strong>agere</strong></span> <span class='ocrx_word' id='word_1_84' title='bbox 1052 1429 1176 1506; x_wconf 86' lang='lat' dir='ltr'><strong>solent</strong></span> <span class='ocrx_word' id='word_1_85' title='bbox 1204 1429 1301 1506; x_wconf 88' lang='lat' dir='ltr'><strong>aliae</strong></span> <span class='ocrx_word' id='word_1_86' title='bbox 1322 1428 1542 1505; x_wconf 87' lang='lat' dir='ltr'><strong>sodalitates</strong></span> <span class='ocrx_word' id='word_1_87' title='bbox 1571 1428 1746 1504; x_wconf 87' lang='lat' dir='ltr'><strong>eiusdem</strong></span> 
     </span>
     <span class='ocr_line' id='line_1_12' title="bbox 393 1548 1748 1652; baseline -0.001 -25"><span class='ocrx_word' id='word_1_88' title='bbox 393 1551 580 1642; x_wconf 89' lang='lat' dir='ltr'><strong>civitatis,</strong></span> <span class='ocrx_word' id='word_1_89' title='bbox 604 1549 698 1625; x_wconf 87' lang='lat' dir='ltr'><strong>satis</strong></span> <span class='ocrx_word' id='word_1_90' title='bbox 727 1573 912 1652; x_wconf 87' lang='lat' dir='ltr'><strong>superque</strong></span> <span class='ocrx_word' id='word_1_91' title='bbox 941 1549 1189 1625; x_wconf 89' lang='lat' dir='ltr'><strong>manifestum</strong></span> <span class='ocrx_word' id='word_1_92' title='bbox 1217 1574 1411 1651; x_wconf 89' lang='lat' dir='ltr'><strong>apparere,</strong></span> <span class='ocrx_word' id='word_1_93' title='bbox 1433 1551 1503 1642; x_wconf 89' lang='lat' dir='ltr'><strong>ait,</strong></span> <span class='ocrx_word' id='word_1_94' title='bbox 1526 1548 1748 1626; x_wconf 91' lang='lat' dir='ltr'><strong>huiusmodi</strong></span> 
     </span>
     <span class='ocr_line' id='line_1_13' title="bbox 393 1667 1745 1772; baseline -0.001 -27"><span class='ocrx_word' id='word_1_95' title='bbox 393 1669 617 1746; x_wconf 79' lang='lat' dir='ltr'><strong>electionem</strong></span> <span class='ocrx_word' id='word_1_96' title='bbox 647 1668 729 1744; x_wconf 89' lang='lat' dir='ltr'><strong>ideo</strong></span> <span class='ocrx_word' id='word_1_97' title='bbox 756 1670 955 1772; x_wconf 87' lang='lat' dir='ltr'><strong>praecipue</strong></span> <span class='ocrx_word' id='word_1_98' title='bbox 984 1669 1103 1744; x_wconf 89' lang='lat' dir='ltr'><strong>fuisse</strong></span> <span class='ocrx_word' id='word_1_99' title='bbox 1131 1672 1334 1760; x_wconf 84' lang='lat' dir='ltr'><strong>statutam,</strong></span> <span class='ocrx_word' id='word_1_100' title='bbox 1366 1671 1410 1744; x_wconf 90' lang='lat' dir='ltr'><strong>ut</strong></span> <span class='ocrx_word' id='word_1_101' title='bbox 1439 1667 1622 1743; x_wconf 87' lang='lat' dir='ltr'><strong>sodalitas</strong></span> <span class='ocrx_word' id='word_1_102' title='bbox 1652 1693 1745 1743; x_wconf 91' lang='lat' dir='ltr'><strong>suas</strong></span> 
     </span>
     <span class='ocr_line' id='line_1_14' title="bbox 393 1786 1743 1893; baseline -0.001 -27"><span class='ocrx_word' id='word_1_103' title='bbox 393 1791 565 1893; x_wconf 88' lang='lat' dir='ltr'><strong>proprias</strong></span> <span class='ocrx_word' id='word_1_104' title='bbox 603 1789 840 1882; x_wconf 70' lang='lat' dir='ltr'><strong>functicum,</strong></span> <span class='ocrx_word' id='word_1_105' title='bbox 882 1813 976 1890; x_wconf 89' lang='lat' dir='ltr'><strong>quae</strong></span> <span class='ocrx_word' id='word_1_106' title='bbox 1015 1788 1221 1866; x_wconf 89' lang='lat' dir='ltr'><strong>nullimode</strong></span> <span class='ocrx_word' id='word_1_107' title='bbox 1258 1786 1487 1891; x_wconf 88' lang='lat' dir='ltr'><strong>paroeciales</strong></span> <span class='ocrx_word' id='word_1_108' title='bbox 1525 1789 1743 1890; x_wconf 89' lang='lat' dir='ltr'><strong>nuncupari</strong></span> 
     </span>
     <span class='ocr_line' id='line_1_15' title="bbox 394 1907 1746 2014; baseline 0 -28"><span class='ocrx_word' id='word_1_109' title='bbox 394 1912 556 2014; x_wconf 88' lang='lat' dir='ltr'><strong>possint,</strong></span> <span class='ocrx_word' id='word_1_110' title='bbox 589 1910 807 2013; x_wconf 89' lang='lat' dir='ltr'><strong>peripsum</strong></span> <span class='ocrx_word' id='word_1_111' title='bbox 836 1917 1021 1986; x_wconf 89' lang='lat' dir='ltr'><strong>rectorem</strong></span> <span class='ocrx_word' id='word_1_112' title='bbox 1054 1910 1184 1986; x_wconf 88' lang='lat' dir='ltr'><strong>valeat</strong></span> <span class='ocrx_word' id='word_1_113' title='bbox 1211 1909 1431 2012; x_wconf 88' lang='lat' dir='ltr'><strong>adimplere.</strong></span> <span class='ocrx_word' id='word_1_114' title='bbox 1473 1907 1580 1996; x_wconf 84' lang='lat' dir='ltr'><strong>Quod</strong></span> <span class='ocrx_word' id='word_1_115' title='bbox 1608 1935 1746 2013; x_wconf 87' lang='lat' dir='ltr'><strong>reapse</strong></span> 
     </span>
     <span class='ocr_line' id='line_1_16' title="bbox 395 2029 1744 2134; baseline 0 -28"><span class='ocrx_word' id='word_1_116' title='bbox 395 2031 536 2134; x_wconf 88' lang='lat' dir='ltr'><strong>passim</strong></span> <span class='ocrx_word' id='word_1_117' title='bbox 565 2031 661 2106; x_wconf 88' lang='lat' dir='ltr'><strong>solet</strong></span> <span class='ocrx_word' id='word_1_118' title='bbox 690 2030 843 2107; x_wconf 85' lang='lat' dir='ltr'><strong>evenire</strong></span> <span class='ocrx_word' id='word_1_119' title='bbox 864 2055 977 2132; x_wconf 90' lang='lat' dir='ltr'><strong>penes</strong></span> <span class='ocrx_word' id='word_1_120' title='bbox 997 2055 1127 2106; x_wconf 89' lang='lat' dir='ltr'><strong>omnes</strong></span> <span class='ocrx_word' id='word_1_121' title='bbox 1155 2030 1491 2106; x_wconf 83' lang='lat' dir='ltr'><strong>confraternitates</strong></span> <span class='ocrx_word' id='word_1_122' title='bbox 1520 2030 1561 2106; x_wconf 91' lang='lat' dir='ltr'><strong>in</strong></span> <span class='ocrx_word' id='word_1_123' title='bbox 1580 2029 1744 2132; x_wconf 91' lang='lat' dir='ltr'><strong>reliquis</strong></span> 
     </span>
     <span class='ocr_line' id='line_1_17' title="bbox 393 2148 1745 2242; baseline 0 -16"><span class='ocrx_word' id='word_1_124' title='bbox 393 2150 565 2226; x_wconf 91' lang='lat' dir='ltr'><strong>civitatis</strong></span> <span class='ocrx_word' id='word_1_125' title='bbox 592 2148 761 2226; x_wconf 88' lang='lat' dir='ltr'><strong>ecclesiis</strong></span> <span class='ocrx_word' id='word_1_126' title='bbox 790 2151 1016 2226; x_wconf 85' lang='lat' dir='ltr'><strong>existentes.</strong></span> <span class='ocrx_word' id='word_1_127' title='bbox 1049 2149 1176 2242; x_wconf 89' lang='lat' dir='ltr'><strong>Unde,</strong></span> <span class='ocrx_word' id='word_1_128' title='bbox 1208 2149 1400 2227; x_wconf 90' lang='lat' dir='ltr'><strong>concludit</strong></span> <span class='ocrx_word' id='word_1_129' title='bbox 1427 2152 1555 2225; x_wconf 90' lang='lat' dir='ltr'><strong>orator</strong></span> <span class='ocrx_word' id='word_1_130' title='bbox 1584 2149 1647 2225; x_wconf 91' lang='lat' dir='ltr'><strong>ubi</strong></span> <span class='ocrx_word' id='word_1_131' title='bbox 1677 2175 1745 2226; x_wconf 87' lang='lat' dir='ltr'><strong>ea-</strong></span> 
     </span>
     <span class='ocr_line' id='line_1_18' title="bbox 393 2257 1608 2373; baseline 0.001 -28"><span class='ocrx_word' id='word_1_132' title='bbox 393 2271 479 2347; x_wconf 89' lang='lat' dir='ltr'><strong>dem</strong></span> <span class='ocrx_word' id='word_1_133' title='bbox 507 2271 598 2346; x_wconf 89' lang='lat' dir='ltr'><strong>sunt</strong></span> <span class='ocrx_word' id='word_1_134' title='bbox 628 2269 743 2360; x_wconf 87' lang='lat' dir='ltr'><strong>facta,</strong></span> <span class='ocrx_word' id='word_1_135' title='bbox 774 2257 904 2346; x_wconf 86' lang='lat' dir='ltr'><strong>eadem</strong></span> <span class='ocrx_word' id='word_1_136' title='bbox 934 2269 1029 2370; x_wconf 82' lang='lat' dir='ltr'><strong>legis</strong></span> <span class='ocrx_word' id='word_1_137' title='bbox 1058 2270 1254 2373; x_wconf 86' lang='lat' dir='ltr'><strong>dispositio</strong></span> <span class='ocrx_word' id='word_1_138' title='bbox 1282 2276 1341 2348; x_wconf 88' lang='lat' dir='ltr'><strong>est</strong></span> <span class='ocrx_word' id='word_1_139' title='bbox 1369 2271 1608 2373; x_wconf 89' lang='lat' dir='ltr'><strong>applicanda.</strong></span> 
     </span>
    </p>

    <p class='ocr_par' dir='ltr' id='par_1_3' title="bbox 323 2390 1839 4150">
     <span class='ocr_line' id='line_1_19' title="bbox 474 2390 1839 2494; baseline 0.005 -28"><span class='ocrx_word' id='word_1_140' title='bbox 474 2390 549 2467; x_wconf 83' lang='lat' dir='ltr'><strong>Ast</strong></span> <span class='ocrx_word' id='word_1_141' title='bbox 577 2390 680 2466; x_wconf 90' lang='lat' dir='ltr'><strong>hisce</strong></span> <span class='ocrx_word' id='word_1_142' title='bbox 709 2415 848 2492; x_wconf 83' lang='lat' dir='ltr'><strong>magna</strong></span> <span class='ocrx_word' id='word_1_143' title='bbox 885 2415 1030 2492; x_wconf 90' lang='lat' dir='ltr'><strong>quoque</strong></span> <span class='ocrx_word' id='word_1_144' title='bbox 1062 2392 1207 2468; x_wconf 90' lang='lat' dir='ltr'><strong>accedit</strong></span> <span class='ocrx_word' id='word_1_145' title='bbox 1239 2392 1299 2468; x_wconf 91' lang='lat' dir='ltr'><strong>vis</strong></span> <span class='ocrx_word' id='word_1_146' title='bbox 1326 2395 1371 2469; x_wconf 89' lang='lat' dir='ltr'><strong>ab</strong></span> <span class='ocrx_word' id='word_1_147' title='bbox 1404 2393 1674 2471; x_wconf 88' lang='lat' dir='ltr'><strong>immemoriali</strong></span> <span class='ocrx_word' id='word_1_148' title='bbox 1700 2403 1742 2472; x_wconf 88' lang='lat' dir='ltr'><strong>et</strong></span> <span class='ocrx_word' id='word_1_149' title='bbox 1838 2481 1839 2494; x_wconf 50' lang='lat'><strong>,</strong></span> 
     </span>
     <span class='ocr_line' id='line_1_20' title="bbox 392 2510 1741 2614; baseline 0.003 -27"><span class='ocrx_word' id='word_1_150' title='bbox 392 2535 598 2610; x_wconf 88' lang='lat' dir='ltr'><strong>numquam</strong></span> <span class='ocrx_word' id='word_1_151' title='bbox 626 2510 843 2613; x_wconf 89' lang='lat' dir='ltr'><strong>interrupta</strong></span> <span class='ocrx_word' id='word_1_152' title='bbox 878 2512 1138 2604; x_wconf 86' lang='lat' dir='ltr'><strong>observantia,</strong></span> <span class='ocrx_word' id='word_1_153' title='bbox 1170 2537 1265 2612; x_wconf 90' lang='lat' dir='ltr'><strong>quae</strong></span> <span class='ocrx_word' id='word_1_154' title='bbox 1294 2513 1326 2587; x_wconf 92' lang='lat' dir='ltr'><strong>si</strong></span> <span class='ocrx_word' id='word_1_155' title='bbox 1353 2513 1484 2614; x_wconf 91' lang='lat' dir='ltr'><strong>procul</strong></span> <span class='ocrx_word' id='word_1_156' title='bbox 1516 2513 1628 2589; x_wconf 91' lang='lat' dir='ltr'><strong>dubio</strong></span> <span class='ocrx_word' id='word_1_157' title='bbox 1656 2539 1741 2591; x_wconf 90' lang='lat' dir='ltr'><strong>ma-</strong></span> 
     </span>
     <span class='ocr_line' id='line_1_21' title="bbox 393 2631 1740 2734; baseline 0.003 -28"><span class='ocrx_word' id='word_1_158' title='bbox 393 2631 489 2706; x_wconf 86' lang='lat' dir='ltr'><strong>ximi</strong></span> <span class='ocrx_word' id='word_1_159' title='bbox 517 2655 665 2732; x_wconf 89' lang='lat' dir='ltr'><strong>semper</strong></span> <span class='ocrx_word' id='word_1_160' title='bbox 692 2635 752 2706; x_wconf 89' lang='lat' dir='ltr'><strong>est</strong></span> <span class='ocrx_word' id='word_1_161' title='bbox 781 2631 953 2708; x_wconf 88' lang='lat' dir='ltr'><strong>facienda</strong></span> <span class='ocrx_word' id='word_1_162' title='bbox 971 2632 1094 2707; x_wconf 89' lang='lat' dir='ltr'><strong>veluti</strong></span> <span class='ocrx_word' id='word_1_163' title='bbox 1122 2633 1267 2733; x_wconf 88' lang='lat' dir='ltr'><strong>optima</strong></span> <span class='ocrx_word' id='word_1_164' title='bbox 1295 2633 1391 2734; x_wconf 82' lang='lat' dir='ltr'><strong>legis</strong></span> <span class='ocrx_word' id='word_1_165' title='bbox 1421 2633 1658 2711; x_wconf 88' lang='lat' dir='ltr'><strong>fundationis</strong></span> <span class='ocrx_word' id='word_1_166' title='bbox 1677 2635 1740 2710; x_wconf 91' lang='lat' dir='ltr'><strong>in-</strong></span> 
     </span>
     <span class='ocr_line' id='line_1_22' title="bbox 397 2751 1838 2855; baseline 0.001 -29"><span class='ocrx_word' id='word_1_167' title='bbox 397 2753 560 2854; x_wconf 60' lang='lat' dir='ltr'><strong>terpres</strong></span> <span class='ocrx_word' id='word_1_168' title='bbox 592 2752 703 2827; x_wconf 88' lang='lat' dir='ltr'><strong>iuxta</strong></span> <span class='ocrx_word' id='word_1_169' title='bbox 732 2751 846 2829; x_wconf 88' lang='lat' dir='ltr'><strong>Oard.</strong></span> <span class='ocrx_word' id='word_1_170' title='bbox 879 2751 934 2828; x_wconf 91' lang='lat' dir='ltr'><strong>De</strong></span> <span class='ocrx_word' id='word_1_171' title='bbox 962 2753 1066 2828; x_wconf 89' lang='lat' dir='ltr'><strong>Luca</strong></span> <span class='ocrx_word' id='word_1_172' title='bbox 1094 2751 1151 2826; x_wconf 83' lang='lat' dir='ltr'><strong>De</strong></span> <span class='ocrx_word' id='word_1_173' title='bbox 1180 2760 1371 2855; x_wconf 70' lang='lat' dir='ltr'><strong>rumpam.</strong></span> <span class='ocrx_word' id='word_1_174' title='bbox 1403 2753 1496 2828; x_wconf 67' lang='lat' dir='ltr'><strong>(lise.</strong></span> <span class='ocrx_word' id='word_1_175' title='bbox 1520 2753 1588 2834; x_wconf 80' lang='grc'><strong>60,</strong></span> <span class='ocrx_word' id='word_1_176' title='bbox 1612 2777 1664 2828; x_wconf 70' lang='lat' dir='ltr'><strong>a:</strong></span> <span class='ocrx_word' id='word_1_177' title='bbox 1687 2755 1740 2834; x_wconf 89' lang='lat'><strong>9:</strong></span> <span class='ocrx_word' id='word_1_178' title='bbox 1837 2773 1838 2844; x_wconf 70' lang='lat' dir='ltr'><strong>j</strong></span> 
     </span>
     <span class='ocr_line' id='line_1_23' title="bbox 393 2857 1838 2972; baseline 0.001 -26"><span class='ocrx_word' id='word_1_179' title='bbox 393 2894 436 2946; x_wconf 90' lang='lat' dir='ltr'><strong>eo</strong></span> <span class='ocrx_word' id='word_1_180' title='bbox 465 2869 589 2971; x_wconf 82' lang='lat' dir='ltr'><strong>magis</strong></span> <span class='ocrx_word' id='word_1_181' title='bbox 618 2894 767 2946; x_wconf 91' lang='lat' dir='ltr'><strong>summa</strong></span> <span class='ocrx_word' id='word_1_182' title='bbox 795 2871 949 2972; x_wconf 91' lang='lat' dir='ltr'><strong>pollebit</strong></span> <span class='ocrx_word' id='word_1_183' title='bbox 978 2872 1207 2948; x_wconf 89' lang='lat' dir='ltr'><strong>auctoritate</strong></span> <span class='ocrx_word' id='word_1_184' title='bbox 1227 2871 1274 2965; x_wconf 91' lang='lat' dir='ltr'><strong>si,</strong></span> <span class='ocrx_word' id='word_1_185' title='bbox 1306 2877 1350 2948; x_wconf 86' lang='lat' dir='ltr'><strong>ut</strong></span> <span class='ocrx_word' id='word_1_186' title='bbox 1378 2873 1419 2948; x_wconf 94' lang='lat' dir='ltr'><strong>in</strong></span> <span class='ocrx_word' id='word_1_187' title='bbox 1447 2898 1552 2964; x_wconf 91' lang='lat' dir='ltr'><strong>casu,</strong></span> <span class='ocrx_word' id='word_1_188' title='bbox 1584 2873 1638 2948; x_wconf 89' lang='lat' dir='ltr'><strong>sit</strong></span> <span class='ocrx_word' id='word_1_189' title='bbox 1655 2897 1742 2950; x_wconf 89' lang='lat' dir='ltr'><strong>ere-</strong></span> <span class='ocrx_word' id='word_1_190' title='bbox 1837 2857 1838 2878; x_wconf 48' lang='lat'>¹</span> 
     </span>
     <span class='ocr_line' id='line_1_24' title="bbox 394 2989 1738 3094; baseline 0.002 -27"><span class='ocrx_word' id='word_1_191' title='bbox 394 2990 512 3067; x_wconf 90' lang='lat' dir='ltr'><strong>cticni</strong></span> <span class='ocrx_word' id='word_1_192' title='bbox 555 2989 770 3066; x_wconf 89' lang='lat' dir='ltr'><strong>sodalitatis</strong></span> <span class='ocrx_word' id='word_1_193' title='bbox 800 2991 973 3092; x_wconf 86' lang='lat' dir='ltr'><strong>proxima</strong></span> <span class='ocrx_word' id='word_1_194' title='bbox 1000 2995 1113 3091; x_wconf 90' lang='lat' dir='ltr'><strong>atque</strong></span> <span class='ocrx_word' id='word_1_195' title='bbox 1149 3016 1311 3085; x_wconf 88' lang='lat' dir='ltr'><strong>coaeva,</strong></span> <span class='ocrx_word' id='word_1_196' title='bbox 1342 2993 1460 3068; x_wconf 90' lang='lat' dir='ltr'><strong>adea</strong></span> <span class='ocrx_word' id='word_1_197' title='bbox 1493 3018 1587 3094; x_wconf 88' lang='lat' dir='ltr'><strong>quae</strong></span> <span class='ocrx_word' id='word_1_198' title='bbox 1624 2993 1738 3070; x_wconf 90' lang='lat' dir='ltr'><strong>habet</strong></span> 
     </span>
     <span class='ocr_line' id='line_1_25' title="bbox 395 3109 1837 3216; baseline 0.001 -28"><span class='ocrx_word' id='word_1_199' title='bbox 395 3111 434 3188; x_wconf 86' lang='lat' dir='ltr'><strong>S.</strong></span> <span class='ocrx_word' id='word_1_200' title='bbox 468 3110 514 3188; x_wconf 83' lang='lat' dir='ltr'><strong>C.</strong></span> <span class='ocrx_word' id='word_1_201' title='bbox 551 3109 597 3186; x_wconf 84' lang='lat' dir='ltr'><strong>O.</strong></span> <span class='ocrx_word' id='word_1_202' title='bbox 639 3110 679 3185; x_wconf 93' lang='lat' dir='ltr'><strong>in</strong></span> <span class='ocrx_word' id='word_1_203' title='bbox 723 3110 955 3187; x_wconf 78' lang='lat' dir='ltr'><strong>Ceriniolen.</strong></span> <span class='ocrx_word' id='word_1_204' title='bbox 1000 3111 1339 3214; x_wconf 73' lang='lat' dir='ltr'><strong>Interprrctcte&#39;ooe&#39;s</strong></span> <span class='ocrx_word' id='word_1_205' title='bbox 1378 3114 1400 3188; x_wconf 87' lang='grc'><strong><em>1</em></strong></span> <span class='ocrx_word' id='word_1_206' title='bbox 1437 3111 1588 3216; x_wconf 74' lang='lat' dir='ltr'><strong>Aprilis</strong></span> <span class='ocrx_word' id='word_1_207' title='bbox 1629 3115 1739 3189; x_wconf 76' lang='lat'><em>1876</em></span> <span class='ocrx_word' id='word_1_208' title='bbox 1836 3123 1837 3144; x_wconf 67' lang='lat'>¹</span> 
     </span>
     <span class='ocr_line' id='line_1_26' title="bbox 391 3229 1738 3333; baseline 0.002 -25"><span class='ocrx_word' id='word_1_209' title='bbox 391 3236 416 3332; x_wconf 62' lang='grc' dir='ltr'>ξ</span> <span class='ocrx_word' id='word_1_210' title='bbox 449 3229 559 3308; x_wconf 81' lang='lat' dir='ltr'><strong>Orto.</strong></span> <span class='ocrx_word' id='word_1_211' title='bbox 592 3275 616 3288; x_wconf 95' lang='lat'>-</span> <span class='ocrx_word' id='word_1_212' title='bbox 646 3231 753 3318; x_wconf 81' lang='lat' dir='ltr'><strong>Quod</strong></span> <span class='ocrx_word' id='word_1_213' title='bbox 781 3236 910 3308; x_wconf 89' lang='lat' dir='ltr'><strong>autem</strong></span> <span class='ocrx_word' id='word_1_214' title='bbox 939 3231 1029 3307; x_wconf 86' lang='lat' dir='ltr'><strong>talis</strong></span> <span class='ocrx_word' id='word_1_215' title='bbox 1067 3256 1198 3333; x_wconf 86' lang='lat' dir='ltr'><strong>reapse</strong></span> <span class='ocrx_word' id='word_1_216' title='bbox 1226 3232 1458 3308; x_wconf 87' lang='lat' dir='ltr'><strong>consuetudo</strong></span> <span class='ocrx_word' id='word_1_217' title='bbox 1486 3233 1527 3309; x_wconf 95' lang='lat' dir='ltr'><strong>in</strong></span> <span class='ocrx_word' id='word_1_218' title='bbox 1566 3233 1738 3311; x_wconf 86' lang='lat' dir='ltr'><strong>themate</strong></span> 
     </span>
     <span class='ocr_line' id='line_1_27' title="bbox 390 3350 1738 3453; baseline 0.003 -25"><span class='ocrx_word' id='word_1_219' title='bbox 390 3352 587 3443; x_wconf 89' lang='lat' dir='ltr'><strong>habeatur,</strong></span> <span class='ocrx_word' id='word_1_220' title='bbox 621 3352 776 3452; x_wconf 89' lang='lat' dir='ltr'><strong>probare</strong></span> <span class='ocrx_word' id='word_1_221' title='bbox 805 3352 951 3452; x_wconf 80' lang='lat' dir='ltr'><strong>satagit</strong></span> <span class='ocrx_word' id='word_1_222' title='bbox 979 3357 1162 3453; x_wconf 90' lang='lat' dir='ltr'><strong>patronus</strong></span> <span class='ocrx_word' id='word_1_223' title='bbox 1183 3350 1353 3453; x_wconf 90' lang='lat' dir='ltr'><strong>pluribus</strong></span> <span class='ocrx_word' id='word_1_224' title='bbox 1382 3353 1614 3429; x_wconf 89' lang='lat' dir='ltr'><strong>testimoniis</strong></span> <span class='ocrx_word' id='word_1_225' title='bbox 1637 3357 1738 3432; x_wconf 87' lang='lat' dir='ltr'><strong>etin</strong></span> 
     </span>
     <span class='ocr_line' id='line_1_28' title="bbox 389 3461 1836 3575; baseline 0.003 -28"><span class='ocrx_word' id='word_1_226' title='bbox 389 3473 524 3575; x_wconf 91' lang='lat' dir='ltr'><strong>primis</strong></span> <span class='ocrx_word' id='word_1_227' title='bbox 544 3471 754 3548; x_wconf 90' lang='lat' dir='ltr'><strong>multorum</strong></span> <span class='ocrx_word' id='word_1_228' title='bbox 773 3471 1010 3548; x_wconf 89' lang='lat' dir='ltr'><strong>confratrum</strong></span> <span class='ocrx_word' id='word_1_229' title='bbox 1029 3473 1293 3548; x_wconf 87' lang='lat' dir='ltr'><strong>attestatione.</strong></span> <span class='ocrx_word' id='word_1_230' title='bbox 1326 3474 1495 3561; x_wconf 81' lang='lat' dir='ltr'><strong>Quorum</strong></span> <span class='ocrx_word' id='word_1_231' title='bbox 1515 3474 1741 3552; x_wconf 88' lang='lat' dir='ltr'><strong>testimonio</strong></span> <span class='ocrx_word' id='word_1_232' title='bbox 1835 3461 1836 3480; x_wconf 46' lang='lat'>¹</span> 
     </span>
     <span class='ocr_line' id='line_1_29' title="bbox 390 3592 1739 3697; baseline 0.001 -28"><span class='ocrx_word' id='word_1_233' title='bbox 390 3616 556 3669; x_wconf 90' lang='lat' dir='ltr'><strong>consona</strong></span> <span class='ocrx_word' id='word_1_234' title='bbox 583 3597 642 3670; x_wconf 88' lang='lat' dir='ltr'><strong>est</strong></span> <span class='ocrx_word' id='word_1_235' title='bbox 679 3592 884 3669; x_wconf 88' lang='lat' dir='ltr'><strong>declaratio</strong></span> <span class='ocrx_word' id='word_1_236' title='bbox 922 3592 1086 3693; x_wconf 90' lang='lat' dir='ltr'><strong>quinque</strong></span> <span class='ocrx_word' id='word_1_237' title='bbox 1123 3593 1450 3692; x_wconf 89' lang='lat' dir='ltr'><strong>praedecessorum</strong></span> <span class='ocrx_word' id='word_1_238' title='bbox 1486 3594 1739 3697; x_wconf 90' lang='lat' dir='ltr'><strong>parochorum</strong></span> 
     </span>
     <span class='ocr_line' id='line_1_30' title="bbox 323 3711 1740 3812; baseline 0.001 -22"><span class='ocrx_word' id='word_1_239' title='bbox 323 3801 329 3812; x_wconf 29' lang='lat'><strong>¹</strong></span> <span class='ocrx_word' id='word_1_240' title='bbox 389 3719 429 3790; x_wconf 87' lang='lat' dir='ltr'><strong>et</strong></span> <span class='ocrx_word' id='word_1_241' title='bbox 457 3714 717 3790; x_wconf 88' lang='lat' dir='ltr'><strong>coadiutcrum</strong></span> <span class='ocrx_word' id='word_1_242' title='bbox 744 3712 923 3788; x_wconf 89' lang='lat' dir='ltr'><strong>ecclesiae</strong></span> <span class='ocrx_word' id='word_1_243' title='bbox 951 3711 1088 3788; x_wconf 84' lang='lat' dir='ltr'><strong>SSdiae</strong></span> <span class='ocrx_word' id='word_1_244' title='bbox 1113 3711 1391 3790; x_wconf 85' lang='lat' dir='ltr'><strong>Annuntiatae.</strong></span> <span class='ocrx_word' id='word_1_245' title='bbox 1433 3715 1660 3792; x_wconf 89' lang='lat' dir='ltr'><strong>Huiusmodi</strong></span> <span class='ocrx_word' id='word_1_246' title='bbox 1680 3722 1740 3792; x_wconf 88' lang='lat' dir='ltr'><strong>te-</strong></span> 
     </span>
     <span class='ocr_line' id='line_1_31' title="bbox 391 3833 1835 3937; baseline 0.003 -29"><span class='ocrx_word' id='word_1_247' title='bbox 391 3833 615 3909; x_wconf 91' lang='lat' dir='ltr'><strong>stimonium</strong></span> <span class='ocrx_word' id='word_1_248' title='bbox 644 3833 769 3909; x_wconf 89' lang='lat' dir='ltr'><strong>subdit</strong></span> <span class='ocrx_word' id='word_1_249' title='bbox 806 3835 953 3924; x_wconf 90' lang='lat' dir='ltr'><strong>orator,</strong></span> <span class='ocrx_word' id='word_1_250' title='bbox 986 3855 1061 3908; x_wconf 91' lang='lat' dir='ltr'><strong>ncn</strong></span> <span class='ocrx_word' id='word_1_251' title='bbox 1090 3834 1364 3910; x_wconf 87' lang='lat' dir='ltr'><strong>modcthesim</strong></span> <span class='ocrx_word' id='word_1_252' title='bbox 1402 3839 1532 3937; x_wconf 88' lang='lat' dir='ltr'><strong>aperte</strong></span> <span class='ocrx_word' id='word_1_253' title='bbox 1569 3837 1732 3927; x_wconf 79' lang='lat' dir='ltr'><strong>evincit,</strong></span> <span class='ocrx_word' id='word_1_254' title='bbox 1834 3899 1835 3936; x_wconf 62' lang='lat'><strong>,</strong></span> 
     </span>
     <span class='ocr_line' id='line_1_32' title="bbox 389 3945 1835 4054; baseline 0.002 -25"><span class='ocrx_word' id='word_1_255' title='bbox 389 3952 454 4029; x_wconf 88' lang='lat' dir='ltr'><strong>scd</strong></span> <span class='ocrx_word' id='word_1_256' title='bbox 482 3951 696 4029; x_wconf 89' lang='lat' dir='ltr'><strong>luculenter</strong></span> <span class='ocrx_word' id='word_1_257' title='bbox 723 3953 974 4042; x_wconf 88' lang='lat' dir='ltr'><strong>demonstrat,</strong></span> <span class='ocrx_word' id='word_1_258' title='bbox 1007 3953 1211 4054; x_wconf 88' lang='lat' dir='ltr'><strong>parochum</strong></span> <span class='ocrx_word' id='word_1_259' title='bbox 1240 3954 1428 4030; x_wconf 86' lang='lat' dir='ltr'><strong>actualem</strong></span> <span class='ocrx_word' id='word_1_260' title='bbox 1460 3956 1736 4034; x_wconf 89' lang='lat' dir='ltr'><strong>discordiarum</strong></span> <span class='ocrx_word' id='word_1_261' title='bbox 1834 3945 1835 3948; x_wconf 25' lang='lat'>¹</span> 
     </span>
     <span class='ocr_line' id='line_1_33' title="bbox 390 4079 708 4150; baseline -0.009 0"><span class='ocrx_word' id='word_1_262' title='bbox 390 4099 472 4150; x_wconf 88' lang='lat' dir='ltr'><strong>esse</strong></span> <span class='ocrx_word' id='word_1_263' title='bbox 500 4079 708 4150; x_wconf 89' lang='lat' dir='ltr'><strong>auctorem.</strong></span> 
     </span>
    </p>
   </div>
   <div class='ocr_carea' id='block_1_3' title="bbox 391 4193 1739 4650">
    <p class='ocr_par' dir='ltr' id='par_1_4' title="bbox 391 4193 1739 4650">
     <span class='ocr_line' id='line_1_34' title="bbox 471 4193 1739 4296; baseline 0.004 -27"><span class='ocrx_word' id='word_1_264' title='bbox 471 4195 585 4296; x_wconf 91' lang='lat' dir='ltr'><strong>quue</strong></span> <span class='ocrx_word' id='word_1_265' title='bbox 614 4193 736 4294; x_wconf 87' lang='lat' dir='ltr'><strong>magis</strong></span> <span class='ocrx_word' id='word_1_266' title='bbox 768 4193 964 4294; x_wconf 80' lang='lat' dir='ltr'><strong>magisque</strong></span> <span class='ocrx_word' id='word_1_267' title='bbox 1002 4194 1168 4270; x_wconf 90' lang='lat' dir='ltr'><strong>roborari</strong></span> <span class='ocrx_word' id='word_1_268' title='bbox 1206 4193 1359 4270; x_wconf 86' lang='lat' dir='ltr'><strong>videtur</strong></span> <span class='ocrx_word' id='word_1_269' title='bbox 1394 4196 1649 4276; x_wconf 87' lang='lat' dir='ltr'><strong>declaratione</strong></span> <span class='ocrx_word' id='word_1_270' title='bbox 1676 4223 1739 4274; x_wconf 88' lang='lat' dir='ltr'><strong>se-</strong></span> 
     </span>
     <span class='ocr_line' id='line_1_35' title="bbox 391 4312 1739 4401; baseline 0.002 -10"><span class='ocrx_word' id='word_1_271' title='bbox 391 4315 542 4391; x_wconf 91' lang='lat' dir='ltr'><strong>niorum</strong></span> <span class='ocrx_word' id='word_1_272' title='bbox 571 4313 771 4391; x_wconf 89' lang='lat' dir='ltr'><strong>sodalium.</strong></span> <span class='ocrx_word' id='word_1_273' title='bbox 803 4312 948 4401; x_wconf 87' lang='lat' dir='ltr'><strong>Quibus</strong></span> <span class='ocrx_word' id='word_1_274' title='bbox 977 4314 1093 4390; x_wconf 86' lang='lat' dir='ltr'><strong>etiam</strong></span> <span class='ocrx_word' id='word_1_275' title='bbox 1113 4312 1292 4391; x_wconf 89' lang='lat' dir='ltr'><strong>adhaeret</strong></span> <span class='ocrx_word' id='word_1_276' title='bbox 1321 4315 1583 4394; x_wconf 83' lang='lat' dir='ltr'><strong>testimonium</strong></span> <span class='ocrx_word' id='word_1_277' title='bbox 1611 4319 1655 4396; x_wconf 92' lang='lat' dir='ltr'><strong>ab</strong></span> <span class='ocrx_word' id='word_1_278' title='bbox 1672 4343 1739 4394; x_wconf 88' lang='lat' dir='ltr'><strong>ar-</strong></span> 
     </span>
     <span class='ocr_line' id='line_1_36' title="bbox 391 4431 1737 4540; baseline 0.001 -28"><span class='ocrx_word' id='word_1_279' title='bbox 391 4435 511 4512; x_wconf 90' lang='lat' dir='ltr'><strong>chivii</strong></span> <span class='ocrx_word' id='word_1_280' title='bbox 539 4433 763 4538; x_wconf 89' lang='lat' dir='ltr'><strong>capitularis</strong></span> <span class='ocrx_word' id='word_1_281' title='bbox 784 4431 938 4508; x_wconf 84' lang='lat' dir='ltr'><strong>custode</strong></span> <span class='ocrx_word' id='word_1_282' title='bbox 956 4433 1151 4510; x_wconf 89' lang='lat' dir='ltr'><strong>emissum.</strong></span> <span class='ocrx_word' id='word_1_283' title='bbox 1183 4435 1437 4538; x_wconf 76' lang='lat' dir='ltr'><strong>Quiaprcpter,</strong></span> <span class='ocrx_word' id='word_1_284' title='bbox 1458 4439 1650 4516; x_wconf 90' lang='lat' dir='ltr'><strong>concludit</strong></span> <span class='ocrx_word' id='word_1_285' title='bbox 1668 4465 1737 4540; x_wconf 90' lang='lat' dir='ltr'><strong>pa-</strong></span> 
     </span>
     <span class='ocr_line' id='line_1_37' title="bbox 391 4551 1738 4650; baseline 0.001 -17"><span class='ocrx_word' id='word_1_286' title='bbox 391 4561 542 4650; x_wconf 67' lang='lat' dir='ltr'><strong>tronus</strong></span> <span class='ocrx_word' id='word_1_287' title='bbox 575 4581 623 4631; x_wconf 84' lang='lat' dir='ltr'><strong>ex</strong></span> <span class='ocrx_word' id='word_1_288' title='bbox 661 4551 926 4630; x_wconf 90' lang='lat' dir='ltr'><strong>immemoriali</strong></span> <span class='ocrx_word' id='word_1_289' title='bbox 959 4558 998 4629; x_wconf 91' lang='lat' dir='ltr'><strong>et</strong></span> <span class='ocrx_word' id='word_1_290' title='bbox 1026 4557 1218 4632; x_wconf 88' lang='lat' dir='ltr'><strong>constanti</strong></span> <span class='ocrx_word' id='word_1_291' title='bbox 1256 4557 1497 4635; x_wconf 87' lang='lat' dir='ltr'><strong>observantia</strong></span> <span class='ocrx_word' id='word_1_292' title='bbox 1534 4559 1738 4638; x_wconf 85' lang='lat' dir='ltr'><strong>manifeste</strong></span> 
     </span>
    </p>
   </div>
   <div class='ocr_carea' id='block_1_4' title="bbox 0 0 1852 5230">
    <p class='ocr_par' dir='ltr' id='par_1_5' title="bbox 0 0 1852 5230">
     <span class='ocr_line' id='line_1_38' title="bbox 0 0 1852 5230; baseline 0 1"><span class='ocrx_word' id='word_1_293' title='bbox 0 0 1852 5230; x_wconf 95' lang='lat' dir='ltr'><strong> </strong></span> 
     </span>
    </p>
   </div>
  </div>
 </body>
</html>
