3674 5262
291 164 312 226 8
870 177 1054 224 0001110101.

293 281 499 358 substratis
527 303 570 356 eo
599 285 715 374 v0t0,
757 283 801 354 ut
830 281 911 355 tam
939 279 1005 355 ille
1034 285 1112 356 tam
1147 303 1243 355 uxor
1275 279 1356 355 eius
1384 278 1510 355 Maria
1546 283 1638 355 nata

290 401 474 483 Dulovics
511 399 559 478 ad
601 399 737 476 faciem
771 399 901 475 iudicii
939 399 1037 475 sacri
1074 398 1394 476 reconciliationis
1433 399 1637 476 tentandae

292 522 419 624 gratia
437 525 659 614 evocentur,
682 519 852 596 delatum
870 523 943 613 est,
965 523 1004 596 et
1024 518 1211 596 terminus
1235 519 1521 623 comparitionis
1540 519 1639 596 utri-

284 627 364 745 'que
393 644 495 747 parti
523 643 583 719 die
615 641 663 720 16
692 640 867 718 Octobris
898 640 1002 718 1888
1031 641 1224 743 praefixus
1252 644 1365 741 atque
1393 640 1488 717 iuris
1516 640 1639 718 forma

292 764 497 840 intimatus
525 766 598 839 est.
631 761 708 838 Pro
727 765 936 838 memorato
964 762 1129 838 termino
1156 766 1294 837 neutra
1312 786 1401 865 pars
1429 761 1475 838 ad
1504 762 1639 840 faciem

292 883 424 961 iudicii
445 884 543 959 sacri
562 881 789 985 comparuit,
813 905 946 958 verum
967 882 1140 984 sequenti
1160 882 1233 975 die,
1256 881 1297 959 in
1320 907 1482 986 persona
1500 883 1639 960 sistitit

293 1029 333 1080 se
361 1003 513 1080 officiali
532 1008 571 1080 et
590 1027 789 1080 causarum
810 1002 976 1079 auditori
996 1027 1078 1078 meo
1106 1002 1277 1104 generali
1296 1003 1458 1080 maritus
1479 1003 1638 1081 Carolus
1716 1099 1719 1106 λ

293 1123 419 1199 Ferko
445 1123 625 1200 exultans
653 1127 692 1199 et
720 1121 888 1200 referens
917 1123 1117 1225 coniugem
1153 1149 1261 1199 suam
1290 1124 1338 1200 ad
1364 1149 1404 1200 00
1438 1123 1635 1218 redivisse,

293 1244 436 1346 sibique
465 1243 618 1347 pacifice
637 1244 854 1320 convivere.
887 1241 1032 1320 Verum
1050 1244 1274 1320 inconstans
1301 1249 1341 1319 et
1358 1243 1484 1319 brevis
1512 1267 1639 1320 morae

293 1365 419 1442 fuerat
447 1365 539 1442 haec
567 1364 782 1441 animorum
805 1363 1069 1440 reconciliatio
1097 1368 1308 1466 spontanea
1334 1368 1374 1440 et
1401 1370 1640 1469 reassumpta

293 1487 451 1590 pacifica
477 1485 730 1576 cohabitatio;
770 1484 1068 1586 quandoquidem
1106 1485 1244 1562 infelix
1281 1488 1444 1562 maritus
1479 1485 1640 1564 Carolus

293 1607 419 1684 Ferko
446 1631 559 1700 novo,
582 1606 627 1682 de
646 1605 735 1683 dato
762 1605 817 1684 20
844 1603 1040 1681 Februarii
1065 1604 1182 1698 1889,
1219 1630 1375 1682 recursu
1405 1606 1641 1686 Consistorio

212 1739 214 1748 ’
294 1752 376 1804 meo
405 1727 604 1822 submisso,
635 1727 873 1803 amarissime
892 1725 1138 1826 conqueritur
1165 1725 1210 1800 de
1228 1726 1454 1804 continuata
1470 1732 1510 1802 et
1536 1728 1642 1804 inin-

294 1853 469 1952 terrnpta
499 1848 629 1924 uxoris
657 1871 747 1923 suae
775 1874 797 1922 a
825 1871 864 1923 se
891 1845 1184 1940 abalienatione,
1216 1871 1310 1946 quae
1337 1845 1428 1922 adeo
1455 1846 1637 1942 increvit,

235 2063 238 2070 Ι
295 1974 341 2046 111
369 1994 467 2044 uxor
495 1967 748 2046 antochiriam
776 1967 916 2043 minari
946 1989 1022 2043 non
1041 1965 1298 2060 exhorruerit,
1321 1965 1351 2041 si
1374 1967 1537 2042 maritus
1566 1965 1642 2044 fine

296 2090 448 2192 petendi
476 2090 591 2167 debiti
619 2087 833 2190 coniugalis
861 2088 982 2164 eidem
1010 2086 1311 2191 appropinquare
1339 2087 1549 2164 auderet».

376 2210 481 2297 Quae
509 2213 548 2285 et
567 2209 645 2286 alia
663 2209 703 2286 S.
727 2209 773 2288 O.
805 2209 972 2286 scribens
992 2209 1218 2311 Episcopus,
1240 2209 1460 2312 postulabat
1477 2213 1643 2286 exeunte

295 2332 393 2408 Iulio
417 2331 533 2424 1889,
565 2335 608 2406 nt
627 2331 863 2408 miserrimae
884 2330 1013 2408 Oaroli
1033 2329 1158 2405 Ferko
1178 2329 1387 2406 conditioni
1406 2354 1473 2432 per
1491 2328 1643 2432 dispen-

297 2451 485 2528 sationem
515 2474 628 2553 super
656 2450 899 2543 matrimonio
927 2455 1012 2525 rato
1039 2452 1079 2524 et
1108 2472 1184 2525 non
1211 2453 1489 2544 consummato,
1520 2475 1543 2525 a
1571 2447 1643 2528 Su-

297 2595 427 2676 premo
456 2571 635 2674 Principe
654 2571 828 2648 levamen
847 2571 1103 2675 praeberetur.
1136 2569 1277 2646 Statim
1302 2570 1528 2672 rescriptum
1548 2569 1639 2664 fuit,

297 2697 345 2769 ut
369 2717 585 2795 processum
614 2692 688 2768 rite
716 2690 900 2768 conficere
929 2692 1094 2768 curaret.
1128 2691 1202 2766 Ast
1230 2715 1291 2766 res
1310 2689 1375 2765 diu
1395 2689 1533 2783 haesit,
1565 2689 1643 2790 pri-

297 2838 403 2888 mum
432 2837 475 2888 eo
513 2810 602 2913 quia
628 2810 744 2888 iudex
779 2811 978 2914 delegatus
1016 2811 1228 2887 animorum
1268 2809 1638 2902 reconciliationem,

297 2931 387 3009 licet
415 2932 621 3025 incassum,
652 2931 846 3024 tentavit3
878 2935 1010 3033 postea
1038 2955 1129 3006 vero
1148 2931 1192 3006 ob
1221 2929 1394 3005 mulieris
1413 2929 1638 3021 absentiam,

296 3076 392 3154 quae
421 3053 578 3128 interim
606 3052 868 3128 Vindobonam
896 3052 1074 3154 petierat,
1107 3076 1174 3127 nec
1202 3051 1282 3127 eius
1301 3050 1534 3126 domicilium
1563 3050 1640 3126 0110

297 3173 472 3275 cognosci
502 3172 642 3276 potuit.
683 3173 828 3251 Deinde
867 3197 956 3248 vero
990 3177 1165 3250 accurate
1202 3171 1330 3246 omnia
1366 3174 1453 3247 acta
1489 3170 1644 3275 expleta

298 3298 455 3375 fuerunt
482 3323 527 3374 ac
554 3299 601 3374 ad
631 3301 671 3374 8.
703 3299 749 3376 C.
781 3299 827 3375 C.
859 3297 1087 3374 transmissa
1123 3319 1250 3370 mense
1280 3295 1389 3372 lunio
1422 3294 1539 3372 1891.
1580 3295 1644 3372 Ex

297 3419 358 3496 his
396 3423 503 3522 patet
531 3417 713 3498 Carolum
743 3417 868 3494 Ferko
904 3419 960 3493 bis
997 3419 1276 3518 interrogatum
1315 3416 1432 3493 1111000
1470 3417 1644 3494 aindice

298 3539 562 3643 Scepusiensi,
602 3543 641 3615 et
669 3538 838 3615 Mariam
862 3536 1046 3614 Dulovios
1074 3562 1097 3612 a
1125 3536 1247 3612 iudice
1275 3537 1519 3640 subdelegato
1548 3539 1645 3614 Vin-

298 3662 524 3738 dobonensi:
557 3661 755 3760 utriusque
793 3682 884 3734 vero
912 3657 1095 3760 septimae
1125 3683 1260 3734 manus
1289 3683 1357 3735 nec
1386 3681 1461 3735 non
1498 3660 1643 3760 aliquos

263 3785 265 3789 ⁴
297 3808 347 3858 ex
375 3782 497 3857 officio
527 3785 643 3855 testes
672 3803 785 3882 penes
813 3778 972 3856 Curiam
1001 3777 1284 3882 Scepusiensem
1319 3780 1386 3856 sub
1414 3781 1643 3857 sacramenti

298 3901 371 3975 fide
399 3899 626 4004 deposuisse.
650 3899 804 3975 Pariter
823 3897 1020 4000 colligitur
1037 3898 1339 4001 explorationem
1369 3902 1535 4003 corporis
1560 3901 1645 3976 Ma·-

299 4020 392 4114 riae,
423 4044 517 4120 quae
544 4019 691 4094 interea
708 4016 755 4094 ad
771 4042 870 4118 snos
889 4025 1140 4110 remeaverat,
1163 4023 1355 4122 peractam
1385 4019 1502 4102 fuisse
1522 4021 1641 4097 Leuc

300 4139 490 4232 sohoviae,
522 4165 544 4214 a
571 4137 712 4215 duobus
740 4138 1004 4216 obstetricibus
1032 4165 1054 4214 a
1083 4140 1216 4242 peritis
1244 4142 1477 4234 instructaS,
1521 4141 1639 4243 ipsius

300 4259 444 4336 Mariae
473 4263 594 4336 matre
622 4265 818 4336 matronae
849 4285 986 4337 munus
1014 4260 1188 4337 obeunte.
