3650 5242
379 226 437 288 176
965 244 1139 291 aunuum

376 339 516 416 clesiae
555 341 796 442 approbatio,
828 365 922 442 quae
957 342 1096 417 iudicio
1124 365 1192 417 suo
1219 339 1423 442 cognoscat
1460 343 1504 416 de
1532 342 1721 442 qualitate

376 461 530 562 regulae
559 462 786 563 propositae.
819 462 963 538 Verum
993 461 1033 538 in
1061 487 1131 536 sua
1158 461 1278 537 citata
1307 461 1595 539 Constitutione
1618 463 1724 538 Pon-

376 581 475 658 tifex
502 581 710 658 nullimode
744 582 913 684 loquitur
940 582 985 658 de
1013 583 1115 658 votis
1142 608 1165 658 a
1193 582 1370 658 membris
1400 582 1722 684 Congregationis

376 700 546 778 Oratorii
574 703 810 796 emittendis,
842 728 962 804 neque
990 703 1034 778 de
1063 703 1232 806 ipsorum
1254 703 1293 779 in
1313 703 1620 805 Congregatione
1642 709 1724 780 sta-

375 822 539 917 bilitate,
571 847 691 924 neque
719 823 870 900 demum
898 823 942 898 de
961 821 1129 898 eiusdem
1153 821 1473 924 Congregationis
1501 822 1723 924 regularum

376 944 553 1020 examine
579 943 644 1019 vel
672 944 955 1046 approbatione.
988 942 1058 1020 Sed
1079 941 1312 1020 solummodo
1339 940 1451 1018 iuxta
1478 967 1607 1044 preces
1629 943 1725 1020 Phi-

293 1048 295 1050 ·
376 1065 470 1167 lippi
499 1063 608 1141 Nerii
635 1069 674 1140 et
701 1065 888 1140 sociorum
917 1063 1142 1140 facultatem
1178 1061 1456 1165 postulantium
1492 1063 1723 1139 instituendi

377 1185 525 1264 Romae
553 1185 595 1261 in
622 1185 782 1262 ecclesia
816 1185 857 1263 S.
889 1186 1036 1262 Mariae
1063 1186 1104 1261 in
1134 1183 1341 1260 Vallicella
1375 1183 1724 1286 Congregationem

375 1305 560 1400 Oratorii‚
591 1304 787 1408 praefatus
817 1289 1001 1383 Pontifex
1030 1305 1091 1380 his
1119 1305 1246 1381 verbis
1274 1329 1382 1380 suam
1409 1303 1512 1380 dedit
1540 1305 1726 1408 approba·
1814 1293 1815 1310 ¹

376 1427 543 1502 tionem:
580 1425 730 1502 «Pium
757 1433 798 1501 31
827 1426 1013 1503 laudabile
1052 1425 1223 1528 Philippi
1253 1424 1467 1526 Praepositi
1495 1449 1538 1500 ac
1567 1425 1726 1528 presby-

376 1553 545 1624 terorum
565 1551 604 1622 et
624 1547 845 1624 clericorum
862 1546 1090 1622 desiderium
1107 1569 1344 1648 summopere
1358 1545 1721 1622 commendantes...

376 1669 418 1744 in
445 1668 550 1744 diota
576 1666 737 1744 ecclesia
758 1693 873 1744 uuam
894 1667 1238 1770 Congregationem
1261 1666 1567 1768 presbyterorum
1586 1673 1627 1742 31
1646 1667 1727 1742 cle·
1815 1679 1816 1764 ss

376 1787 541 1863 ricorum
569 1787 836 1863 saecularium
865 1785 910 1861 de
938 1784 1115 1862 Oratorio
1144 1785 1437 1888 nuncupandam
1457 1786 1539 1861 sine
1558 1785 1724 1862 alicuius

376 1905 621 2008 praeiudici0,
653 1906 883 1982 auctoritate
913 1905 1133 2006 Apostolica
1160 1913 1292 1981 1311313
1313 1905 1570 2008 praesentium
1590 1931 1726 2009 perpe-

377 2029 444 2102 tuo
472 2025 656 2127 erigimus
684 2029 724 2102 et
752 2025 1051 2102 instituimus».

458 2146 573 2222 Hisce
601 2150 729 2223 autem
767 2147 879 2222 robur
906 2151 946 2222 et
973 2145 1131 2224 claritas
1168 2147 1314 2223 accedit
1352 2173 1400 2224 ex
1427 2148 1522 2250 ipsis
1551 2148 1726 2250 Congre-
1816 2183 1817 2224 ς

377 2267 543 2368 gationis
572 2265 755 2359 Statutis,
787 2291 880 2367 qnae
909 2293 932 2344 a
960 2267 1073 2344 Pauli
1103 2269 1138 2340 V
1168 2269 1456 2346 Constitutione
1488 2269 1726 2371 Chris-nfide-

379 2389 503 2472 lium,
534 2413 641 2464 suam
680 2391 858 2490 repetunt
893 2389 1215 2491 approbationem.
1249 2389 1440 2490 Siquidem
1470 2392 1510 2466 in
1542 2418 1630 2494 cop.
1662 2389 1728 2466 IV

378 2508 544 2611 legitur:
590 2509 725 2586 ‹Oum
763 2515 895 2584 nostra
936 2511 1183 2613 congregatio
1220 2511 1299 2588 solo
1340 2511 1545 2586 charitatis
1588 2517 1725 2588 mutuo

377 2655 495 2722 nexu,
526 2655 645 2730 neque
674 2628 764 2706 ullis
792 2630 952 2706 astricta
982 2636 1172 2724 votorum,
1205 2632 1434 2724 iuramenti,
1465 2635 1534 2708 aut
1561 2634 1726 2734 promis-

378 2750 495 2828 sionis
525 2750 739 2826 lmiusmodi
769 2750 958 2844 vinculis,
999 2751 1089 2826 olim
1128 2777 1195 2855 per
1233 2753 1272 2829 S.
1306 2752 1527 2855 Philippum
1563 2753 1725 2829 Nerium

379 2871 496 2948 fuerit
523 2871 656 2946 divina
684 2871 935 2973 inspiratione
954 2871 1152 2966 instituta,
1175 2879 1289 2973 atque
1318 2873 1409 2950 haec
1437 2873 1555 2948 fuerit
1582 2875 1665 2950 eius
1683 2881 1725 2950 31

378 2993 548 3069 omnium
576 2992 884 3093 congregationis
921 2995 1074 3095 patrum
1103 3017 1225 3086 mens,
1256 3017 1405 3094 semper
1434 2993 1649 3084 unanimis,
1679 3017 1725 3068 ac

378 3116 431 3192 sit
459 3119 503 3192 ut
532 3115 587 3190 113
615 3118 847 3217 perseveret,
878 3113 1071 3190 decretum
1100 3118 1174 3206 est,
1205 3113 1238 3189 si
1267 3114 1417 3214 quando
1441 3113 1560 3214 aliqui
1578 3136 1626 3189 ex
1658 3138 1726 3188 no-

378 3235 471 3311 stris
500 3235 724 3337 putaverint
751 3235 796 3310 ab
825 3233 895 3310 1133
914 3238 1020 3310 statu
1040 3233 1303 3326 recedendum,
1334 3239 1374 3309 et
1393 3233 1554 3335 alligare
1575 3237 1721 3336 patres,

377 3355 591 3456 fratresque
616 3354 710 3448 pllis
739 3363 916 3430 votorum
955 3353 1202 3430 iurisiurandi
1239 3359 1307 3430 aut
1335 3354 1599 3457 promissionis
1636 3355 1726 3431 vin-

378 3475 490 3567 culis,
522 3476 674 3551 etiamsi
710 3475 776 3552 isti
813 3475 994 3551 maiorem
1023 3480 1171 3578 partem
1200 3475 1429 3568 conficiant,
1469 3481 1513 3550 ut
1548 3475 1601 3551 sit
1630 3475 1724 3578 ipsis

377 3595 527 3699 quidem
556 3596 731 3689 liberum,
762 3621 875 3697 quam
904 3596 1028 3672 velint
1056 3596 1205 3697 ingredi
1234 3595 1474 3698 religionem,
1506 3595 1570 3672 sed
1599 3596 1725 3674 311313

377 3743 481 3822 pars,
513 3718 687 3819 quamvis
716 3740 874 3793 numero
901 3716 1013 3817 louge
1035 3714 1172 3816 impar,
1196 3715 1332 3792 habeat
1359 3716 1488 3792 omnia
1506 3717 1603 3794 bona
1622 3719 1726 3796 Cou-

379 3838 630 3942 gregationis‚
661 3863 894 3939 quocumque
921 3837 1003 3912 loco
1033 3834 1170 3938 posita,
1202 3837 1380 3938 quamdiu
1417 3831 1725 3940 perseveraverit

378 3962 420 4038 in
448 3960 519 4035 hoo
546 3964 666 4052 statu,
699 3983 767 4034 nec
795 3957 907 4034 311311
936 3956 1138 4057 quicquam
1165 3957 1269 4052 dare,
1301 3957 1361 4033 vel
1391 3957 1636 4058 acquisitum,
1660 3959 1724 4036 vel

379 4079 647 4182 acquirendum
676 4081 856 4154 teneatur
873 4108 909 4150 ›.
942 4077 1004 4152 Ex
1033 4077 1249 4153 huiusmodi
1275 4079 1415 4178 ‚itaque
1452 4103 1580 4153 13111111
1615 4082 1723 4156 313111

378 4199 620 4279 inferendum
640 4199 807 4292 videtur,
830 4197 985 4274 minime
1014 4197 1115 4273 inter
1142 4197 1340 4299 religiosos
1359 4197 1622 4276 adscribendos
1640 4223 1724 4276 esse

380 4320 701 4423 Congregationis
728 4317 896 4395 Oratorii
925 4316 1086 4412 sodales,
1118 4344 1235 4420 quum
1270 4317 1391 4395 eidem
1421 4319 1723 4421 Congregationi

378 4441 683 4520 fundamentalia
709 4440 835 4515 desint
862 4439 1075 4532 elementa,
1117 4438 1324 4540 exquibus
1354 4443 1481 4517 status
1518 4440 1721 4543 religiosus

380 4563 421 4637 iu
450 4587 517 4638 suo
546 4585 636 4637 vero
665 4584 777 4636 sensu
807 4564 961 4662 accepto
990 4584 1124 4636 revera
1152 4561 1322 4664 exurgit.
