3674 5262
260 387 264 400 ,
312 327 331 390 h
669 327 675 340 ‘
741 347 782 392 111
806 347 900 392 11111
922 347 1227 394 corsrsronmntnns

306 441 401 502 odalis
419 451 502 514 atque
521 443 650 502 Notarius
669 447 849 504 renunciatus
868 455 919 504 est.
947 445 1011 516 lpsa
1034 447 1103 504 Sede
1123 454 1237 504 vacante
1257 447 1286 502 in
1304 447 1447 502 vicarium
1466 437 1659 518 Caprium-em

311 539 477 601 assumptus,
497 531 569 589 inter
587 533 796 592 Protonotarios
812 536 992 606 ,Apostolieos
1011 535 1045 592 ad
1065 536 1152 592 instar
1171 535 1400 606 Participantinm
1419 537 1543 596 adscitus
1561 544 1612 596 est.

382 620 538 677 Ecclesiam
557 622 591 678 de
610 621 778 680 Chihuahua
792 624 820 678 in
833 623 979 681 Mexieana
992 624 1097 682 ditione
1110 625 1256 682 Americae
1269 623 1507 696 septemtrionalis
1522 641 1570 696 per
1583 628 1662 684 Sues.

312 707 489 778 Apostolicas
508 710 627 766 Litteras
657 711 755 768 «Illud
772 712 801 768 in
819 713 941 784 pomis»
966 713 1044 770 datas
1066 729 1141 770 nono
1166 714 1305 772 Kalendas
1329 715 1390 771 lulli
1416 715 1483 771 1891
1503 715 1539 771 ab
1563 715 1656 771 archi-

312 793 432 852 dioecesi
452 795 486 853 de
506 797 637 868 Durango
662 800 825 869 seitmctarn,
843 801 878 858 ad
897 799 1067 858 cathedralis
1092 803 1227 860 honorem
1253 810 1406 874 promotam
1424 813 1453 861 11
1470 804 1505 861 ah
1526 805 1577 861 hac
1598 807 1663 876 pri-1

312 901 410 944 macra
428 889 569 946 erectione
589 905 640 946 sua
658 900 815 958 recantem3
836 892 929 949 favore
949 893 1024 951 111).
1044 893 1155 964 losephi
1174 909 1191 950 a
1210 895 1272 952 lesu
1292 893 1366 952 01111
1385 895 1542 967 Presbyteri
1562 895 1662 951 archi-v

312 977 472 1034 dioeceseos
492 978 747 1036 Meehoacanensis.
766 979 797 1038 it.
816 981 847 1036 D.
868 981 1002 1052 Iosephus
1021 997 1038 1039 a
1056 983 1118 1040 lesu
1137 983 1220 1052 Ortiz,
1239 985 1268 1040 in
1288 985 1453 1055 baptismate
1477 993 1653 1058 nuncupatus

312 1065 468 1123 Stanislaus
487 1065 621 1136 Andreas,
634 1083 670 1124 11
683 1068 822 1138 legitimis,
836 1070 989 1136 catholicis
1005 1072 1183 1144 honestisque
1198 1073 1357 1143 parentibus
1368 1075 1397 1130 in
1410 1075 1479 1132 urhe
1491 1078 1653 1142 Patronem,

311 1155 557 1214 Eechoacanensis
582 1157 798 1215 archidioecesis
824 1161 994 1229 progenitus,
1014 1170 1041 1218 et
1060 1163 1089 1217 in
1112 1163 1325 1232 quadragesimo
1349 1170 1447 1234 quarto
1466 1165 1562 1222 aetatis
1585 1179 1654 1224 suae

312 1257 384 1300 anno
404 1246 580 1313 constitutus,
599 1246 673 1302 illius
691 1247 918 1318 metropolitanae
938 1249 1080 1308 Ecclesiae
1100 1249 1265 1318 Canonicns,
1278 1251 1408 1308 Provisor
1420 1259 1447 1308 et
1460 1252 1586 1311 vicarius
1601 1255 1661 1312 Ge·-

310 1335 413 1392 ncralis
434 1336 468 1391 ad
487 1351 620 1406 praesens
640 1351 729 1408 usque
748 1340 995 1396 renunciatusest.

383 1425 579 1496 Episcopalem
599 1426 754 1484 Ecclesiam
774 1427 913 1485 titularem
932 1429 1048 1499 ioppen.
1068 1429 1121 1486 sub
1141 1429 1361 1500 Archiepiscopo
1379 1429 1535 1488 Caesarien.
1554 1443 1652 1486 vacan.

311 1525 361 1584 per
378 1511 488 1569 obitum
509 1514 553 1570 ho.
573 1527 625 1572 me.
646 1515 767 1585 Eugenii
786 1514 817 1571 0·
831 1516 954 1585 Connell,
974 1517 1064 1574 ultimi
1088 1515 1163 1574 illius
1187 1518 1658 1588 111111111111111[1111111111-

309 1605 380 1660 riam
399 1604 529 1674 defuncti,
543 1606 639 1664 lavore
653 1607 684 1662 R:
698 1608 728 1662 ll.
743 1607 854 1677 losephi
874 1607 1018 1665 Francisci
1034 1609 1146 1666 Vander
1156 1609 1279 1679 Stappen
1291 1607 1450 1678 Presbyteri
1463 1607 1650 1666 archidioece-

310 1708 375 1752 sees
393 1693 614 1751 blechliniensis:
635 1697 683 1764 qui
696 1697 781 1754 etiam
799 1697 947 1767 deputatus
961 1697 1011 1753 luit
1024 1699 1053 1752 in
1067 1697 1244 1754 auxiliarem
1256 1698 1318 1753 Erni
1332 1712 1364 1752 ac
1378 1699 1440 1753 llnri
1454 1698 1565 1753 Domini
1578 1699 1653 1755 Petri

311 1781 462 1847 Lamberli,
482 1783 574 1840 ritulo
593 1783 619 1838 S.
640 1783 737 1840 Crucis
757 1786 785 1840 in
810 1784 983 1842 llierusalem
1002 1785 1029 1841 S.
1050 1787 1080 1841 11.
1101 1785 1132 1841 E.
1150 1785 1309 1856 Presbyteri
1333 1786 1487 1842 Cardinalls
1511 1785 1652 1843 Coossens

309 1871 520 1944 archiepiscopi
541 1874 760 1933 lleehliniensis.
779 1877 810 1931 ll.
822 1876 854 1930 1).
874 1876 1009 1947 Iosephus
1029 1876 1194 1932 Franciseus
1223 1875 1286 1932 Van
1305 1874 1353 1932 der
1372 1875 1495 1946 Stappen
1514 1890 1549 1932 11
1561 1876 1654 1945 legiti.

309 1963 373 2028 mle,
392 1962 552 2028 catholicis,
571 1963 751 2034 honestisque
771 1964 933 2034 parentibus
956 1963 984 2020 in
1009 1964 1144 2020 suburbio
1168 1963 1289 2020 civitatis
1314 1963 1502 2033 Anluerpiae,
1523 1966 1651 2034 paroecia

311 2064 375 2106 vero
395 2047 422 2106 S.
442 2049 625 2118 lllrllihrordi,
645 2051 735 2107 civilis
755 2053 914 2122 prorinciae
934 2052 1154 2122 antuerpiensis,
1175 2051 1384 2119 Mechliniensis
1410 2052 1660 2110 archidioeceseos.

311 2137 472 2208 progenitus
491 2145 518 2194 el
537 2139 781 2209 quadragesimum
800 2142 949 2210 septimum
960 2141 1058 2197 aetatis
1072 2155 1138 2197 suae
1151 2154 1254 2196 annum
1266 2155 1473 2210 supergressus,
1487 2140 1652 2210 Magistrum

308 2227 548 2283 caeremoniarum
568 2229 611 2284 sui
630 2227 692 2283 Emi
711 2227 865 2284 Caelinalis
882 2226 1105 2299 acchiepiscopi,
1124 2243 1159 2284 ac
1178 2228 1392 2300 etiam-pierius
1411 2237 1439 2285 et
1451 2229 1653 2286 lloderatorem

309 2331 397 2389 agens
416 2317 549 2376 Sororum
567 2333 585 2376 a
604 2321 760 2386 Claritate,
780 2321 808 2376 in
827 2319 1060 2390 archiepiscopali
1080 2319 1237 2376 Seminario
1256 2333 1354 2376 sacrae
1378 2321 1521 2392 Licurgiae
1540 2329 1568 2376 11
1587 2320 1661 2378 Cre·-

310 2407 420 2478 goriani
439 2413 539 2464 cantus
550 2407 693 2465 Prolessor
704 2409 837 2472 adlectus,
851 2408 1007 2464 Canonicns
1021 2409 1098 2478 prius
1112 2408 1342 2474 ornamentarius
1353 2413 1380 2464 et
1394 2407 1537 2478 hucusque
1550 2415 1660 2465 melre--

310 2499 451 2570 politanae
470 2497 611 2555 Ecclesiae
631 2497 789 2554 Canonicns
809 2497 973 2569 Capitularis
993 2497 1173 2554 renunciatus
1191 2505 1240 2554 111.

383 2585 578 2658 Episcopalem
598 2587 751 2642 Ecclesiam
771 2587 910 2645 titularem
930 2587 1076 2642 Arsinoen.
1097 2587 1149 2642 suh
1167 2587 1387 2658 Arelhepiscopo
1407 2585 1581 2656 Ozyrynchio
1604 2601 1651 2640 11-

312 2689 373 2732 1111.
393 2690 442 2745 per
461 2675 668 2730 translationem
687 2674 718 2728 11.
738 2674 768 2729 P.
788 2675 818 2730 1).
838 2675 911 2732 Petri
930 2674 1037 2732 Mariae
1057 2674 1146 2730 011111
1162 2675 1197 2730 111
1216 2673 1457 2743 Metropolitanam
1480 2673 1577 2730 Sedern
1599 2675 1651 2730 Po-

310 2767 445 2830 kiensem,
465 2764 558 2820 lavore
579 2765 608 2820 ll.
623 2765 653 2820 [l.
668 2763 783 2820 loannis
802 2763 834 2819 Α.
846 2764 948 2831 Bonae,
960 2763 1121 2834 Presbyteri
1138 2763 1328 2828 Benearensis,
1343 2762 1390 2832 qni
1404 2763 1486 2818 eliam
1500 2764 1656 2832 deputatus.

309 2857 367 2922 11111,
380 2856 409 2911 11
426 2853 600 2911 Auxiliarcm
620 2855 649 2910 11.
670 2854 699 2908 P.
720 2854 751 2908 ll.
776 2853 876 2910 Leonis
896 2853 1030 2910 Friderici
1051 2853 1175 2921 Aneyros
1195 2850 1420 2922 archipraesulis
1441 2852 1541 2908 SSrnee
1561 2853 1650 2908 Trini-

309 2944 373 3002 tatis
393 2943 426 3000 de
446 2943 555 3000 Euenos
576 2941 673 3012 hyres.
693 2943 723 2998 n.
743 2943 773 2998 I).
794 2943 914 2998 loannes
934 2942 1065 2998 ABoneo
1084 2955 1118 2996 ex
1139 2940 1278 3009 legitimis,
1298 2939 1451 3008 catholicis,
1471 2940 1650 3012 honestisque

310 3031 471 3104 parentibus
491 3032 659 3088 Benearensi
681 3031 709 3087 in
729 3031 798 3087 urbe
819 3031 1032 3102 Argentinensis
1052 3029 1221 3099 reipublicae
1241 3030 1332 3100 capite
1351 3031 1513 3099 progenitus
1532 3039 1558 3088 el
1578 3038 1652 3088 octa-

309 3135 375 3177 vum
388 3125 474 3191 supra
486 3120 732 3192 quadragesimum
752 3121 850 3176 aetatis
863 3135 932 3178 suae
950 3133 1054 3176 annum
1067 3132 1271 3188 supergressus,
1284 3119 1390 3176 1111111
1402 3119 1551 3188 aliquando
1567 3135 1658 3190 penes.

309 3209 465 3278 Collegium
485 3209 565 3266 Pium
585 3210 715 3266 Latinum
741 3210 939 3266 Americanum
965 3222 1149 3274 commorans,
1168 3207 1262 3279 ibique
1283 3208 1383 3278 partim
1407 3208 1506 3266 studiis
1532 3209 1654 3276 deditus,

310 3297 412 3367 partini
433 3312 497 3354 roro
517 3291 617 3354 1111111
637 3299 725 3367 patria
744 3296 897 3354 studiorum
917 3297 1032 3366 perlecti
1052 3295 1230 3362 curriculum,
1246 3303 1275 3352 11
1287 3295 1476 3362 humanitatis,
1494 3297 1650 3355 rhetoricae

308 3401 343 3442 ac
361 3388 519 3444 successive
539 3385 696 3456 theologiae
716 3385 829 3442 moralis
847 3385 1063 3442 antecessorem
1082 3397 1176 3453 agens,
1190 3383 1407 3454 archiepiscopo
1421 3385 1535 3443 absente
1554 3401 1653 3456 paroe-

308 3476 414 3532 ciarum
433 3475 566 3533 ruralium
590 3476 777 3532 visitationem
796 3489 954 3544 aggressus,
968 3482 996 3529 et
1008 3473 1248 3528 matrimoniorum
1268 3472 1437 3542 Delensoris,
1453 3475 1609 3533 Provisoris
1623 3484 1653 3533 et

308 3566 415 3624 Vicarii
435 3566 463 3621 in
482 3565 675 3635 spiritualibus
695 3563 836 3621 Generalis
854 3563 1017 3620 muneribus
1037 3562 1197 3632 perlunctus
1217 3567 1267 3617 111.

380 3654 575 3724 Episcopalem
595 3653 748 3711 Ecclesiam
768 3652 905 3709 titularem
925 3651 1150 3722 Tiberiopolitan.
1176 3650 1228 3706 sub
1248 3649 1466 3721 Archiepiscopo
1492 3653 1654 3709 Laodiceno-

309 3757 404 3803 vacan.
425 3757 474 3814 per
492 3743 598 3798 obitum
619 3742 664 3798 bo.
684 3756 736 3796 mc.
756 3740 869 3797 Ensehii
889 3738 1036 3810 Semprini,
1056 3738 1144 3794 ultimi
1164 3737 1238 3794 illins
1259 3737 1401 3809 Episcopi,
1413 3746 1489 3796 extra
1507 3753 1650 3796 romanam

308 3833 414 3888 curiam
433 3832 562 3899 defuncti,
582 3831 674 3886 iarorc
689 3831 719 3884 11.
734 3831 764 3884 11.
778 3827 891 3884 Antonii
901 3827 1048 3900 Espinoza,
1059 3827 1218 3899 Presbyteri
1237 3827 1428 3896 Benearensis,
1442 3827 1489 3897 qul
1503 3828 1587 3884 etiam
1601 3827 1650 3884 de-

308 3929 420 3990 putatus
439 3921 490 3976 1111
508 3919 537 3975 11
558 3918 728 3974 Auxiliarenr
748 3919 778 3973 11.
792 3917 821 3974 P.
835 3917 866 3972 D.
886 3917 987 3988 Leonis
1008 3915 1142 3973 Frlderici
1162 3915 1297 3988 Aneyros,
1317 3915 1528 3984 Archiepiscopl
1546 3913 1648 3970 SSmae

309 4009 449 4066 Trinitatis
468 4008 502 4064 de
522 4009 632 4063 Euenos
651 4006 747 4075 hyras.
768 4005 799 4062 lt.
819 4007 850 4064 D.
869 4006 1007 4062 Antonius
1026 4005 1164 4076 Espinoza
1183 4019 1217 4062 ex
1238 4003 1376 4074 legitimis
1390 4001 1542 4066 catholicis,
1562 4002 1648 4058 hone-

307 4097 412 4168 stisque
432 4095 592 4168 parentibus
612 4095 780 4152 Benearensi
799 4095 828 4151 in
847 4095 923 4165 urhe,
943 4095 1155 4166 Argentlnensis
1175 4093 1354 4165 Reipublicae
1378 4091 1467 4161 capite
1487 4091 1649 4160 progenitus

308 4198 336 4248 et
354 4186 597 4260 quadragesimum
623 4192 753 4240 octavum
772 4185 870 4242 aetatis
891 4199 956 4242 suae
984 4198 1088 4240 annum
1115 4197 1320 4254 supergressae,
1347 4183 1451 4236 Romae
1470 4179 1587 4249 Collegii
1604 4180 1647 4237 Pii

308 4278 397 4334 Latini
418 4275 576 4332 Americani
596 4272 724 4331 hlumnis
746 4273 900 4339 adiunctus,
920 4275 950 4328 in
968 4287 1047 4330 sacra
1066 4272 1207 4340 theologia
1219 4271 1322 4328 dudum
1336 4269 1468 4324 doctorali
1488 4264 1649 4326 1111111111-

305 4373 397 4432 natus,
416 4363 551 4420 ruralium
571 4361 762 4433 paroeciarum
781 4361 938 4426 visitatoris,
958 4357 1148 4430 ethnicosque
1168 4358 1351 4417 Benearensis
1364 4357 1484 4428 Capituli
1504 4357 1647 4422 Canonicl,

307 4455 436 4523 illiusque
455 4453 670 4508 archidioecesis
690 4451 842 4522 provisoris
861 4460 888 4506 et
908 4451 1010 4507 Vicarii
1031 4449 1170 4520 generalis
1189 4447 1352 4506 muneribus
1371 4447 1531 4516 perfunctus
1549 4452 1598 4502 est.

379 4540 528 4599 Titularem
547 4541 701 4598 Ecclesiam
726 4540 922 4610 Episcopalem
944 4537 1146 4596 Anthedonem·
1158 4538 1210 4594 suh
1233 4534 1452 4606 Archiopiseopo
1466 4534 1647 4599 Caesariensi,

304 4645 404 4688 aaran.
424 4645 473 4702 per
491 4631 598 4688 obitum
617 4630 662 4686 bo.
681 4643 735 4686 me.
755 4629 889 4686 Ludorici
909 4629 975 4699 Cay,
997 4627 1085 4686 ultimi
1110 4627 1185 4684 illius
1204 4625 1350 4696 Episcopi,
1371 4633 1477 4682 extrem
1503 4637 1649 4681 romanam
