3636 5232
335 287 397 350 aab
929 301 1083 348 aspersu.

334 428 427 480 vero
455 405 557 480 eruit
584 426 633 479 ex
660 401 885 479 documento
912 403 957 479 ab
975 402 1179 506 episcopali
1199 400 1386 478 tabulario
1405 401 1619 505 desumpta,
1641 405 1682 478 et

337 525 379 600 in
407 525 504 601 actis
533 523 717 600 exhibito.
1221 513 1225 522 ’

413 643 670 724 Ulterioribus
704 647 834 720 autem
855 642 1199 720 Confraternitatis
1214 643 1541 746 praetensionibns
1569 667 1685 744 super

296 827 298 832 .
334 764 374 841 S.
397 764 526 841 Sabini
554 763 759 840 simulacro
786 764 974 867 parochus
1001 763 1115 840 Zinni
1135 763 1253 866 ipsam
1276 762 1443 840 eiusdem
1459 761 1686 840 Confrater-

334 885 470 962 nitatis
498 883 772 961 confessionem
800 885 971 987 opponit,
1003 909 1077 984 qua
1104 884 1188 987 ipsa
1217 884 1420 960 admittere
1448 906 1525 959 non
1552 883 1685 958 renuit

335 1005 583 1081 simulacrum
602 1003 697 1081 illud
716 1004 764 1081 ad
783 1004 971 1082 familiam
990 1004 1244 1080 Andriensem
1264 1004 1382 1096 Teva,
1406 1003 1465 1080 uti
1484 1005 1685 1106 proprium

333 1131 520 1227 spectare.
543 1123 670 1211 Quum
688 1132 818 1202 autem
834 1129 1043 1201 memorata
1058 1124 1206 1200 familia
1220 1127 1390 1201 statuam
1411 1123 1683 1226 dereliquerit,

336 1270 405 1323 nec
433 1244 586 1321 aliunde
614 1244 881 1322 documentum
910 1244 1105 1347 legitimae
1133 1244 1383 1321 successionis
1411 1271 1434 1320 a
1458 1244 1688 1322 Confrater-

336 1365 460 1442 nitate
478 1363 646 1440 oblatum
665 1365 863 1459 habeatur,
886 1364 1081 1441 simulacri
1101 1363 1376 1467 proprietatem
1395 1363 1442 1438 ad
1466 1363 1683 1458 ecclesiam,

337 1483 506 1561 naturali
526 1485 696 1577 tramite,
718 1485 920 1562 transiisse
948 1484 1046 1560 idem
1075 1483 1262 1587 parochus
1283 1483 1468 1563 sustinet.
1487 1485 1687 1561 Inutiliter

337 1630 428 1682 vero
456 1607 591 1681 contra
618 1604 817 1682 ecclesiam
845 1605 892 1682 ad
912 1609 1281 1707 supramemoratum
1300 1605 1606 1681 instrumentum
1625 1606 1688 1682 die

335 1723 654 1827 4Aprius17sr
684 1725 1054 1804 Confraternitatem
1083 1723 1287 1827 confugere
1315 1724 1503 1828 parochus
1531 1731 1685 1820 censet,

336 1845 438 1948 quia,
470 1844 529 1920 uti
557 1845 633 1920 iam
661 1845 843 1935 vidimus,
873 1850 1004 1921 actum
1031 1842 1127 1919 illud
1157 1848 1352 1946 tamquam
1373 1842 1574 1920 nullitatis-
1587 1845 1689 1922 vitio

338 1963 525 2042 infectum
552 1964 734 2040 traducit.
1215 1955 1218 1963 ’

416 2083 585 2160 Tandem
611 2083 658 2160 ad
687 2109 883 2160 sacrarum
910 2083 1233 2185 suppellectilium
1263 2085 1535 2187 proprietatem
1554 2084 1689 2161 vindi·
1809 2101 1810 2172 ζ

336 2203 509 2297 eandam,
540 2229 654 2305 quam
682 2205 756 2281 sibi
781 2203 1091 2282 Confraternitas
1124 2229 1303 2306 arrogare
1342 2203 1487 2296 studet,
1528 2203 1688 2280 exhibet

336 2325 522 2428 parochus
550 2325 662 2402 Zinni
690 2325 882 2429 publicum
910 2324 1211 2402 instrumentum
1239 2323 1450 2424 aquodam
1478 2324 1687 2400 Francisco

338 2445 459 2522 Paulo
488 2445 702 2523 Christiani
730 2451 923 2547 rogatum,
955 2447 996 2520 in
1025 2469 1098 2545 quo
1116 2444 1328 2548 descriptae
1348 2445 1533 2546 leguntur
1557 2469 1690 2522 sacrae

338 2571 632 2674 suppellectiles,
649 2598 673 2647 a
688 2571 867 2675 Capitulo
883 2571 1021 2648 SSrhae
1038 2571 1305 2649 Annuntiatae
1319 2571 1362 2648 in
1376 2571 1556 2648 ecclesiae
1575 2595 1692 2648 usum

340 2694 510 2770 relictae.

418 2815 586 2890 Tandem
614 2814 734 2914 quoad
761 2820 991 2918 postremam
1021 2814 1295 2914 quaestionem,
1327 2812 1508 2890 videlicet
1542 2813 1692 2890 tumuli

339 2937 568 3012 erectionem
596 2936 638 3010 in
667 2935 860 3012 funeribus
889 2934 1127 3012 confratrum
1154 2940 1193 3012 et
1221 2936 1313 3036 quin
1342 2936 1442 3012 cerei
1461 2936 1606 3013 circum
1622 2962 1694 3036 ap-

339 3055 453 3158 positi
481 3055 673 3157 paroeciae
692 3056 841 3151 cedant,
864 3054 1139 3132 animadvertit
1166 3056 1367 3159 parochuS,
1390 3055 1598 3133 nullimode
1617 3056 1693 3132 du·
1809 3099 1810 3120 κ

335 3175 461 3252 bitari‘
479 3198 586 3276 posse
614 3178 710 3277 quod
738 3178 799 3254 ius
829 3175 1252 3254 tumulandi'ecclesiae
1291 3180 1446 3253 tantum
1478 3175 1688 3278 paroeciali

339 3297 456 3370 etius
476 3293 679 3372 funerandi
699 3297 867 3375 eiusdem
888 3295 1151 3373 tantummodo
1169 3297 1332 3399 parocho
1353 3299 1513 3401 spectet.
1539 3296 1689 3373 Huius-

343 3413 443 3490 modi
458 3415 642 3492 canonica
660 3416 834 3494 doctrina
848 3416 1112 3494 tantummodo
1126 3441 1193 3519 per
1208 3417 1455 3520 privilegium
1469 3417 1584 3493 alicui
1600 3442 1695 3494 ecn-

340 3533 577 3611 fraternitati
606 3562 783 3641 expresse
811 3562 1030 3614 concessum
1063 3538 1326 3640 exceptionem
1363 3535 1567 3639 aliquando
1602 3540 1691 3641 pati
1809 3567 1810 3608 r

340 3665 480 3762 posset.
510 3661 586 3737 Ast
605 3661 675 3738 hoc
694 3663 941 3766 privilegium
960 3659 1256 3738 confraternitas
1285 3663 1559 3739 Immaculatae
1579 3662 1689 3739 Con·
1809 3689 1810 3696 ¹

311 3827 314 3834 ι
338 3780 525 3883 captionis
554 3807 674 3883 neque
702 3784 883 3877 obtinuit,
916 3783 975 3858 uti
994 3781 1079 3884 ipsa
1096 3782 1320 3886 episcopalis
1341 3786 1507 3862 testatur
1534 3788 1696 3875 senten-
1809 3777 1810 3812 ³

340 3901 410 3994 tia,
428 3925 549 4002 neque
576 3927 743 4005 unquam
758 3903 944 3995 exercuit,
958 3902 1047 4002 quia
1071 3903 1285 4002 antiquitus
1305 3929 1328 3978 a
1346 3904 1447 3980 clero
1470 3905 1689 4006 receptitio,
1809 3943 1810 3958 κ

341 4023 462 4100 serius
491 4049 514 4099 a
543 4048 756 4100 successore
784 4022 951 4127 capitulo
980 4021 1204 4119 cathedrali,
1240 4025 1299 4101 ius
1333 4023 1536 4102 funerandi
1572 4039 1693 4128 atque
1809 4073 1810 4084 κ

339 4143 557 4220 tumulandi
585 4145 625 4220 in
652 4144 723 4221 illa
750 4145 909 4221 ecclesia
936 4143 1195 4238 exercebatur,
1228 4145 1356 4247 prouti
1384 4147 1426 4222 in
1454 4145 1550 4222 actis
1578 4145 1696 4222 exhi-

340 4264 463 4341 betur.
479 4266 676 4342 Incassum
695 4289 786 4342 vero
805 4291 874 4340 sua
890 4267 1038 4340 statuta
1052 4288 1076 4339 a
1090 4264 1292 4342 sodalitate
1307 4266 1479 4342 invocari
1493 4266 1690 4358 observat;

340 4385 526 4487 siquidem
553 4385 624 4461 illa
651 4385 777 4486 potius
806 4385 986 4462 ecclesiae
1005 4384 1089 4461 iura
1107 4385 1288 4487 explicite
1309 4388 1468 4462 tuentur
1486 4409 1574 4461 cum
1592 4385 1695 4461 inibi
1809 4477 1810 4498 χ

340 4505 505 4606 legatur:
538 4506 686 4607 quando
706 4529 924 4582 concessum
943 4509 1002 4580 est
1022 4504 1171 4604 regium
1189 4504 1374 4608 placitum
1392 4505 1505 4581 dictis
1525 4503 1691 4606 reguliS,

342 4626 385 4701 in
414 4630 575 4702 secundo
604 4627 767 4704 articulo
794 4627 991 4705 iubebatur
1019 4624 1170 4702 salvum
1199 4651 1352 4703 manere
1379 4626 1510 4702 debere
1539 4626 1599 4703 ius
1623 4651 1698 4730 pa-
1809 4699 1810 4732 ,
