<?xml version="1.0" encoding="UTF-8"?>
<!DOCTYPE html PUBLIC "-//W3C//DTD XHTML 1.0 Transitional//EN"
    "http://www.w3.org/TR/xhtml1/DTD/xhtml1-transitional.dtd">
<html xmlns="http://www.w3.org/1999/xhtml" xml:lang="en" lang="en">
 <head>
  <title>
</title>
<meta http-equiv="Content-Type" content="text/html;charset=utf-8" />
  <meta name='ocr-system' content='tesseract 3.04.00' />
  <meta name='ocr-capabilities' content='ocr_page ocr_carea ocr_par ocr_line ocrx_word'/>
</head>
<body>
  <div class='ocr_page' id='page_1' title='image "actasanctaesedi01popegoog_0046.png"; bbox 0 0 3674 5262; ppageno 0'>
   <div class='ocr_carea' id='block_1_1' title="bbox 689 238 1497 306">
    <p class='ocr_par' dir='ltr' id='par_1_1' title="bbox 689 238 1497 306">
     <span class='ocr_line' id='line_1_1' title="bbox 689 238 1497 306; baseline -0.002 -1"><span class='ocrx_word' id='word_1_1' title='bbox 689 261 729 305; x_wconf 82' lang='lat' dir='ltr'>rx</span> <span class='ocrx_word' id='word_1_2' title='bbox 753 262 778 304; x_wconf 87' lang='lat' dir='ltr'>s.</span> <span class='ocrx_word' id='word_1_3' title='bbox 797 261 826 304; x_wconf 86' lang='lat' dir='ltr'>c.</span> <span class='ocrx_word' id='word_1_4' title='bbox 846 260 966 306; x_wconf 82' lang='lat' dir='ltr'>arroux</span> <span class='ocrx_word' id='word_1_5' title='bbox 1457 238 1497 304; x_wconf 78' lang='lat'>39</span> 
     </span>
    </p>
   </div>
   <div class='ocr_carea' id='block_1_2' title="bbox 155 410 1499 720">
    <p class='ocr_par' dir='ltr' id='par_1_2' title="bbox 155 410 1499 720">
     <span class='ocr_line' id='line_1_2' title="bbox 155 410 1499 502; baseline -0.004 -18"><span class='ocrx_word' id='word_1_6' title='bbox 155 417 375 487; x_wconf 75' lang='lat' dir='ltr'>luronunrro</span> <span class='ocrx_word' id='word_1_7' title='bbox 400 433 518 502; x_wconf 90' lang='lat' dir='ltr'>super</span> <span class='ocrx_word' id='word_1_8' title='bbox 541 415 674 484; x_wconf 89' lang='lat' dir='ltr'>dubio:</span> <span class='ocrx_word' id='word_1_9' title='bbox 703 415 763 482; x_wconf 88' lang='lat' dir='ltr'>An</span> <span class='ocrx_word' id='word_1_10' title='bbox 786 411 969 482; x_wconf 85' lang='lat' dir='ltr'>sententio</span> <span class='ocrx_word' id='word_1_11' title='bbox 1003 412 1085 482; x_wconf 84' lang='lat' dir='ltr'>talo</span> <span class='ocrx_word' id='word_1_12' title='bbox 1117 410 1166 480; x_wconf 87' lang='lat' dir='ltr'>ob</span> <span class='ocrx_word' id='word_1_13' title='bbox 1198 410 1304 480; x_wconf 81' lang='lat' dir='ltr'>llln&#39;zo</span> <span class='ocrx_word' id='word_1_14' title='bbox 1332 413 1367 479; x_wconf 90' lang='lat' dir='ltr'>et</span> <span class='ocrx_word' id='word_1_15' title='bbox 1400 412 1499 478; x_wconf 77' lang='lat' dir='ltr'>limo</span> 
     </span>
     <span class='ocr_line' id='line_1_3' title="bbox 240 516 1498 610; baseline -0.005 -17"><span class='ocrx_word' id='word_1_16' title='bbox 240 525 328 593; x_wconf 81' lang='lat' dir='ltr'>Drio</span> <span class='ocrx_word' id='word_1_17' title='bbox 353 522 537 610; x_wconf 78' lang='lat' dir='ltr'>Episcopo</span> <span class='ocrx_word' id='word_1_18' title='bbox 564 519 809 610; x_wconf 76' lang='lat' dir='ltr'>squillacensi</span> <span class='ocrx_word' id='word_1_19' title='bbox 829 517 1098 610; x_wconf 66' lang='lat' dir='ltr'>confirmanda</span> <span class='ocrx_word' id='word_1_20' title='bbox 1121 518 1169 588; x_wconf 90' lang='lat' dir='ltr'>sit</span> <span class='ocrx_word' id='word_1_21' title='bbox 1191 516 1229 586; x_wconf 83' lang='lat' dir='ltr'>in</span> <span class='ocrx_word' id='word_1_22' title='bbox 1252 539 1359 604; x_wconf 86' lang='lat' dir='ltr'>casu,</span> <span class='ocrx_word' id='word_1_23' title='bbox 1379 517 1422 608; x_wconf 77' lang='lat' dir='ltr'>[et</span> <span class='ocrx_word' id='word_1_24' title='bbox 1444 517 1498 588; x_wconf 84' lang='lat' dir='ltr'>ad</span> 
     </span>
     <span class='ocr_line' id='line_1_4' title="bbox 240 627 769 720; baseline -0.008 -22"><span class='ocrx_word' id='word_1_25' title='bbox 240 629 433 720; x_wconf 75' lang='lat' dir='ltr'>effectum,</span> <span class='ocrx_word' id='word_1_26' title='bbox 461 628 509 698; x_wconf 82' lang='lat' dir='ltr'>cle</span> <span class='ocrx_word' id='word_1_27' title='bbox 532 647 607 718; x_wconf 86' lang='lat' dir='ltr'>qao</span> <span class='ocrx_word' id='word_1_28' title='bbox 630 627 769 718; x_wconf 77' lang='lat' dir='ltr'>aqitur.</span> 
     </span>
    </p>
   </div>
   <div class='ocr_carea' id='block_1_3' title="bbox 422 825 888 896">
    <p class='ocr_par' dir='ltr' id='par_1_3' title="bbox 422 825 888 896">
     <span class='ocr_line' id='line_1_5' title="bbox 422 825 888 896; baseline 0 -2"><span class='ocrx_word' id='word_1_29' title='bbox 422 825 516 895; x_wconf 86' lang='lat' dir='ltr'>Eme</span> <span class='ocrx_word' id='word_1_30' title='bbox 539 841 584 896; x_wconf 87' lang='lat' dir='ltr'>ao</span> <span class='ocrx_word' id='word_1_31' title='bbox 608 826 705 894; x_wconf 81' lang='lat' dir='ltr'>Rriie</span> <span class='ocrx_word' id='word_1_32' title='bbox 728 825 888 894; x_wconf 86' lang='lat' dir='ltr'>Domine</span> 
     </span>
    </p>
   </div>
   <div class='ocr_carea' id='block_1_4' title="bbox 143 1002 1500 4626">
    <p class='ocr_par' dir='ltr' id='par_1_4' title="bbox 148 1002 1500 1717">
     <span class='ocr_line' id='line_1_6' title="bbox 221 1002 1497 1092; baseline -0.002 -20"><span class='ocrx_word' id='word_1_33' title='bbox 221 1005 318 1074; x_wconf 85' lang='lat' dir='ltr'>Ven.</span> <span class='ocrx_word' id='word_1_34' title='bbox 343 1005 501 1074; x_wconf 80' lang='lat' dir='ltr'>Lanuini</span> <span class='ocrx_word' id='word_1_35' title='bbox 525 1003 683 1089; x_wconf 73' lang='lat' dir='ltr'>SodaliS,</span> <span class='ocrx_word' id='word_1_36' title='bbox 707 1008 818 1090; x_wconf 88' lang='lat' dir='ltr'>atque</span> <span class='ocrx_word' id='word_1_37' title='bbox 840 1003 878 1070; x_wconf 91' lang='lat' dir='ltr'>in</span> <span class='ocrx_word' id='word_1_38' title='bbox 903 1003 1105 1092; x_wconf 89' lang='lat' dir='ltr'>omnigena</span> <span class='ocrx_word' id='word_1_39' title='bbox 1129 1004 1316 1072; x_wconf 85' lang='lat' dir='ltr'>virtutes.</span> <span class='ocrx_word' id='word_1_40' title='bbox 1341 1002 1497 1072; x_wconf 86' lang='lat' dir='ltr'>Patriar·</span> 
     </span>
     <span class='ocr_line' id='line_1_7' title="bbox 151 1109 1498 1201; baseline -0.004 -17"><span class='ocrx_word' id='word_1_41' title='bbox 151 1113 247 1184; x_wconf 82' lang='lat' dir='ltr'>oliae</span> <span class='ocrx_word' id='word_1_42' title='bbox 270 1113 461 1182; x_wconf 88' lang='lat' dir='ltr'>Brunonis</span> <span class='ocrx_word' id='word_1_43' title='bbox 477 1111 577 1201; x_wconf 89' lang='lat' dir='ltr'>digni</span> <span class='ocrx_word' id='word_1_44' title='bbox 594 1110 846 1196; x_wconf 69' lang='lat' dir='ltr'>aemulatoris</span> <span class='ocrx_word' id='word_1_45' title='bbox 864 1109 974 1179; x_wconf 90' lang='lat' dir='ltr'>hodie</span> <span class='ocrx_word' id='word_1_46' title='bbox 992 1110 1028 1177; x_wconf 91' lang='lat' dir='ltr'>in</span> <span class='ocrx_word' id='word_1_47' title='bbox 1045 1109 1190 1180; x_wconf 88' lang='lat' dir='ltr'>Vestris</span> <span class='ocrx_word' id='word_1_48' title='bbox 1203 1110 1366 1179; x_wconf 82' lang='lat' dir='ltr'>Comitiis</span> <span class='ocrx_word' id='word_1_49' title='bbox 1382 1127 1498 1178; x_wconf 86' lang='lat' dir='ltr'>causa</span> 
     </span>
     <span class='ocr_line' id='line_1_8' title="bbox 150 1215 1499 1316; baseline -0.001 -28"><span class='ocrx_word' id='word_1_50' title='bbox 150 1219 385 1308; x_wconf 80' lang='lat' dir='ltr'>proponitur,</span> <span class='ocrx_word' id='word_1_51' title='bbox 409 1235 604 1306; x_wconf 84' lang='lat' dir='ltr'>quamque</span> <span class='ocrx_word' id='word_1_52' title='bbox 628 1217 931 1305; x_wconf 77' lang='lat' dir='ltr'>pulcherrimam,</span> <span class='ocrx_word' id='word_1_53' title='bbox 957 1215 1350 1316; x_wconf 77' lang='lat' dir='ltr'>elegantissimamque</span> <span class='ocrx_word' id='word_1_54' title='bbox 1373 1217 1499 1304; x_wconf 88' lang='lat' dir='ltr'>appel-</span> 
     </span>
     <span class='ocr_line' id='line_1_9' title="bbox 148 1325 1495 1414; baseline -0.003 -18"><span class='ocrx_word' id='word_1_55' title='bbox 148 1327 246 1412; x_wconf 85' lang='lat' dir='ltr'>labo,</span> <span class='ocrx_word' id='word_1_56' title='bbox 272 1326 454 1414; x_wconf 89' lang='lat' dir='ltr'>quoniam</span> <span class='ocrx_word' id='word_1_57' title='bbox 479 1325 552 1394; x_wconf 88' lang='lat' dir='ltr'>sub</span> <span class='ocrx_word' id='word_1_58' title='bbox 575 1325 695 1393; x_wconf 87' lang='lat' dir='ltr'>oculis</span> <span class='ocrx_word' id='word_1_59' title='bbox 719 1325 809 1393; x_wconf 88' lang='lat' dir='ltr'>Tuis</span> <span class='ocrx_word' id='word_1_60' title='bbox 834 1325 982 1412; x_wconf 90' lang='lat' dir='ltr'>mirum,</span> <span class='ocrx_word' id='word_1_61' title='bbox 1008 1326 1317 1412; x_wconf 89' lang='lat' dir='ltr'>perarduumque</span> <span class='ocrx_word' id='word_1_62' title='bbox 1341 1343 1371 1394; x_wconf 90' lang='lat' dir='ltr'>s.</span> <span class='ocrx_word' id='word_1_63' title='bbox 1406 1326 1495 1393; x_wconf 91' lang='lat' dir='ltr'>Bru-</span> 
     </span>
     <span class='ocr_line' id='line_1_10' title="bbox 152 1431 1500 1521; baseline -0.001 -20"><span class='ocrx_word' id='word_1_64' title='bbox 152 1434 266 1502; x_wconf 90' lang='lat' dir='ltr'>nonis</span> <span class='ocrx_word' id='word_1_65' title='bbox 290 1431 388 1502; x_wconf 86' lang='lat' dir='ltr'>vitae</span> <span class='ocrx_word' id='word_1_66' title='bbox 410 1451 532 1521; x_wconf 90' lang='lat' dir='ltr'>genus</span> <span class='ocrx_word' id='word_1_67' title='bbox 557 1431 782 1518; x_wconf 87' lang='lat' dir='ltr'>reproponit,</span> <span class='ocrx_word' id='word_1_68' title='bbox 808 1432 910 1519; x_wconf 90' lang='lat' dir='ltr'>quod</span> <span class='ocrx_word' id='word_1_69' title='bbox 934 1433 1152 1501; x_wconf 90' lang='lat' dir='ltr'>Eremicolis</span> <span class='ocrx_word' id='word_1_70' title='bbox 1175 1433 1222 1502; x_wconf 92' lang='lat' dir='ltr'>ad</span> <span class='ocrx_word' id='word_1_71' title='bbox 1239 1432 1394 1502; x_wconf 88' lang='lat' dir='ltr'>meliora</span> <span class='ocrx_word' id='word_1_72' title='bbox 1411 1431 1500 1500; x_wconf 91' lang='lat' dir='ltr'>inci-</span> 
     </span>
     <span class='ocr_line' id='line_1_11' title="bbox 148 1536 1499 1626; baseline 0 -18"><span class='ocrx_word' id='word_1_73' title='bbox 148 1545 374 1626; x_wconf 90' lang='lat' dir='ltr'>tamentum,</span> <span class='ocrx_word' id='word_1_74' title='bbox 407 1539 626 1626; x_wconf 89' lang='lat' dir='ltr'>cunctisque</span> <span class='ocrx_word' id='word_1_75' title='bbox 658 1536 981 1607; x_wconf 78' lang='lat' dir='ltr'>Christifldelibus‘</span> <span class='ocrx_word' id='word_1_76' title='bbox 1000 1539 1034 1606; x_wconf 92' lang='lat' dir='ltr'>in</span> <span class='ocrx_word' id='word_1_77' title='bbox 1073 1539 1358 1610; x_wconf 84' lang='lat' dir='ltr'>admirationem</span> <span class='ocrx_word' id='word_1_78' title='bbox 1395 1541 1499 1610; x_wconf 86' lang='lat' dir='ltr'>exhi·</span> 
     </span>
     <span class='ocr_line' id='line_1_12' title="bbox 149 1645 274 1717; baseline -0.04 0"><span class='ocrx_word' id='word_1_79' title='bbox 149 1645 274 1717; x_wconf 86' lang='lat' dir='ltr'>betur.</span> 
     </span>
    </p>

    <p class='ocr_par' dir='ltr' id='par_1_5' title="bbox 147 1751 1497 2375">
     <span class='ocr_line' id='line_1_13' title="bbox 218 1751 1496 1840; baseline 0 -20"><span class='ocrx_word' id='word_1_80' title='bbox 218 1752 501 1821; x_wconf 88' lang='lat' dir='ltr'>Perincundum</span> <span class='ocrx_word' id='word_1_81' title='bbox 526 1751 637 1840; x_wconf 90' lang='lat' dir='ltr'>igitur</span> <span class='ocrx_word' id='word_1_82' title='bbox 660 1752 750 1819; x_wconf 92' lang='lat' dir='ltr'>mihi</span> <span class='ocrx_word' id='word_1_83' title='bbox 774 1752 952 1840; x_wconf 91' lang='lat' dir='ltr'>contingit</span> <span class='ocrx_word' id='word_1_84' title='bbox 976 1751 1137 1822; x_wconf 86' lang='lat' dir='ltr'>Causam</span> <span class='ocrx_word' id='word_1_85' title='bbox 1163 1753 1261 1822; x_wconf 89' lang='lat' dir='ltr'>hanc</span> <span class='ocrx_word' id='word_1_86' title='bbox 1291 1752 1496 1838; x_wconf 89' lang='lat' dir='ltr'>novissimi,</span> 
     </span>
     <span class='ocr_line' id='line_1_14' title="bbox 148 1858 1497 1948; baseline -0.001 -19"><span class='ocrx_word' id='word_1_87' title='bbox 148 1859 399 1946; x_wconf 79' lang='lat' dir='ltr'>altissimique</span> <span class='ocrx_word' id='word_1_88' title='bbox 423 1859 573 1948; x_wconf 90' lang='lat' dir='ltr'>generis</span> <span class='ocrx_word' id='word_1_89' title='bbox 596 1859 670 1927; x_wconf 90' lang='lat' dir='ltr'>sub</span> <span class='ocrx_word' id='word_1_90' title='bbox 693 1858 935 1946; x_wconf 86' lang='lat' dir='ltr'>amplissimis</span> <span class='ocrx_word' id='word_1_91' title='bbox 952 1859 1128 1946; x_wconf 81' lang='lat' dir='ltr'>auspiciis</span> <span class='ocrx_word' id='word_1_92' title='bbox 1143 1860 1233 1929; x_wconf 91' lang='lat' dir='ltr'>Tuis</span> <span class='ocrx_word' id='word_1_93' title='bbox 1250 1876 1378 1930; x_wconf 89' lang='lat' dir='ltr'>eoram</span> <span class='ocrx_word' id='word_1_94' title='bbox 1396 1859 1497 1928; x_wconf 90' lang='lat' dir='ltr'>hunc</span> 
     </span>
     <span class='ocr_line' id='line_1_15' title="bbox 148 1966 1496 2055; baseline -0.001 -17"><span class='ocrx_word' id='word_1_95' title='bbox 148 1969 185 2038; x_wconf 91' lang='lat' dir='ltr'>S.</span> <span class='ocrx_word' id='word_1_96' title='bbox 213 1966 399 2036; x_wconf 87' lang='lat' dir='ltr'>Ordinem</span> <span class='ocrx_word' id='word_1_97' title='bbox 420 1983 643 2054; x_wconf 89' lang='lat' dir='ltr'>proponere,</span> <span class='ocrx_word' id='word_1_98' title='bbox 668 1966 761 2053; x_wconf 83' lang='lat' dir='ltr'>quia</span> <span class='ocrx_word' id='word_1_99' title='bbox 785 1966 821 2034; x_wconf 91' lang='lat' dir='ltr'>in</span> <span class='ocrx_word' id='word_1_100' title='bbox 861 1967 998 2036; x_wconf 85' lang='lat' dir='ltr'>eximia</span> <span class='ocrx_word' id='word_1_101' title='bbox 1033 1967 1111 2037; x_wconf 87' lang='lat' dir='ltr'>Tua</span> <span class='ocrx_word' id='word_1_102' title='bbox 1145 1969 1288 2055; x_wconf 78' lang='lat' dir='ltr'>pietate,</span> <span class='ocrx_word' id='word_1_103' title='bbox 1324 1971 1435 2055; x_wconf 88' lang='lat' dir='ltr'>atque</span> <span class='ocrx_word' id='word_1_104' title='bbox 1459 1967 1496 2037; x_wconf 92' lang='lat' dir='ltr'>in</span> 
     </span>
     <span class='ocr_line' id='line_1_16' title="bbox 148 2071 1494 2162; baseline 0.001 -19"><span class='ocrx_word' id='word_1_105' title='bbox 148 2074 305 2144; x_wconf 87' lang='lat' dir='ltr'>excelsa</span> <span class='ocrx_word' id='word_1_106' title='bbox 329 2072 481 2142; x_wconf 88' lang='lat' dir='ltr'>scientia</span> <span class='ocrx_word' id='word_1_107' title='bbox 505 2073 586 2144; x_wconf 88' lang='lat' dir='ltr'>Tua</span> <span class='ocrx_word' id='word_1_108' title='bbox 610 2071 788 2159; x_wconf 79' lang='lat' dir='ltr'>confisae,</span> <span class='ocrx_word' id='word_1_109' title='bbox 813 2091 945 2159; x_wconf 85' lang='lat' dir='ltr'>novos,</span> <span class='ocrx_word' id='word_1_110' title='bbox 970 2072 1314 2162; x_wconf 85' lang='lat' dir='ltr'>fulgidissimosque</span> <span class='ocrx_word' id='word_1_111' title='bbox 1338 2074 1494 2162; x_wconf 75' lang='lat' dir='ltr'>decoriS,</span> 
     </span>
     <span class='ocr_line' id='line_1_17' title="bbox 147 2179 1497 2268; baseline 0.001 -20"><span class='ocrx_word' id='word_1_112' title='bbox 147 2179 370 2266; x_wconf 88' lang='lat' dir='ltr'>honestatis,</span> <span class='ocrx_word' id='word_1_113' title='bbox 395 2180 680 2267; x_wconf 84' lang='lat' dir='ltr'>exquisitaeque</span> <span class='ocrx_word' id='word_1_114' title='bbox 703 2180 926 2250; x_wconf 85' lang='lat' dir='ltr'>christianae</span> <span class='ocrx_word' id='word_1_115' title='bbox 950 2180 1094 2268; x_wconf 89' lang='lat' dir='ltr'>pietatis</span> <span class='ocrx_word' id='word_1_116' title='bbox 1117 2179 1261 2266; x_wconf 85' lang='lat' dir='ltr'>fructus</span> <span class='ocrx_word' id='word_1_117' title='bbox 1285 2182 1386 2251; x_wconf 91' lang='lat' dir='ltr'>dabit</span> <span class='ocrx_word' id='word_1_118' title='bbox 1405 2185 1497 2251; x_wconf 90' lang='lat' dir='ltr'>tem-</span> 
     </span>
     <span class='ocr_line' id='line_1_18' title="bbox 149 2305 354 2375; baseline -0.01 -20"><span class='ocrx_word' id='word_1_119' title='bbox 149 2307 246 2375; x_wconf 88' lang='lat' dir='ltr'>pore</span> <span class='ocrx_word' id='word_1_120' title='bbox 270 2305 354 2356; x_wconf 87' lang='lat' dir='ltr'>sno.</span> 
     </span>
    </p>

    <p class='ocr_par' dir='ltr' id='par_1_6' title="bbox 143 2393 1497 3342">
     <span class='ocr_line' id='line_1_19' title="bbox 218 2393 1497 2485; baseline 0.003 -22"><span class='ocrx_word' id='word_1_121' title='bbox 218 2396 283 2463; x_wconf 88' lang='lat' dir='ltr'>Eia</span> <span class='ocrx_word' id='word_1_122' title='bbox 308 2413 389 2482; x_wconf 88' lang='lat' dir='ltr'>age,</span> <span class='ocrx_word' id='word_1_123' title='bbox 413 2395 506 2462; x_wconf 86' lang='lat' dir='ltr'>Eme</span> <span class='ocrx_word' id='word_1_124' title='bbox 529 2411 575 2462; x_wconf 89' lang='lat' dir='ltr'>ao</span> <span class='ocrx_word' id='word_1_125' title='bbox 600 2395 696 2463; x_wconf 82' lang='lat' dir='ltr'>Rriie</span> <span class='ocrx_word' id='word_1_126' title='bbox 720 2394 910 2482; x_wconf 88' lang='lat' dir='ltr'>Princeps,</span> <span class='ocrx_word' id='word_1_127' title='bbox 935 2393 1097 2464; x_wconf 89' lang='lat' dir='ltr'>Causam</span> <span class='ocrx_word' id='word_1_128' title='bbox 1123 2396 1221 2466; x_wconf 88' lang='lat' dir='ltr'>banc</span> <span class='ocrx_word' id='word_1_129' title='bbox 1244 2397 1318 2465; x_wconf 93' lang='lat' dir='ltr'>sub</span> <span class='ocrx_word' id='word_1_130' title='bbox 1342 2398 1411 2466; x_wconf 90' lang='lat' dir='ltr'>Tui</span> <span class='ocrx_word' id='word_1_131' title='bbox 1434 2417 1497 2485; x_wconf 91' lang='lat' dir='ltr'>pa-</span> 
     </span>
     <span class='ocr_line' id='line_1_20' title="bbox 149 2501 1496 2591; baseline 0.003 -21"><span class='ocrx_word' id='word_1_132' title='bbox 149 2503 308 2572; x_wconf 82' lang='lat' dir='ltr'>trocinio</span> <span class='ocrx_word' id='word_1_133' title='bbox 332 2501 465 2588; x_wconf 83' lang='lat' dir='ltr'>excipe</span> <span class='ocrx_word' id='word_1_134' title='bbox 487 2501 602 2569; x_wconf 89' lang='lat' dir='ltr'>corde</span> <span class='ocrx_word' id='word_1_135' title='bbox 625 2519 775 2590; x_wconf 88' lang='lat' dir='ltr'>magn0,</span> <span class='ocrx_word' id='word_1_136' title='bbox 793 2505 830 2571; x_wconf 89' lang='lat' dir='ltr'>et</span> <span class='ocrx_word' id='word_1_137' title='bbox 843 2501 970 2570; x_wconf 93' lang='lat' dir='ltr'>animo</span> <span class='ocrx_word' id='word_1_138' title='bbox 994 2501 1140 2589; x_wconf 84' lang='lat' dir='ltr'>volenti,</span> <span class='ocrx_word' id='word_1_139' title='bbox 1158 2503 1404 2591; x_wconf 89' lang='lat' dir='ltr'>eiusdemque</span> <span class='ocrx_word' id='word_1_140' title='bbox 1427 2508 1496 2574; x_wconf 86' lang='lat' dir='ltr'>tra·</span> 
     </span>
     <span class='ocr_line' id='line_1_21' title="bbox 146 2606 1495 2698; baseline -0.001 -20"><span class='ocrx_word' id='word_1_141' title='bbox 146 2611 350 2678; x_wconf 78' lang='lat' dir='ltr'>clationem</span> <span class='ocrx_word' id='word_1_142' title='bbox 374 2608 538 2697; x_wconf 87' lang='lat' dir='ltr'>benigno</span> <span class='ocrx_word' id='word_1_143' title='bbox 562 2606 691 2679; x_wconf 86' lang='lat' dir='ltr'>lavore</span> <span class='ocrx_word' id='word_1_144' title='bbox 721 2627 964 2696; x_wconf 88' lang='lat' dir='ltr'>prosequere.</span> <span class='ocrx_word' id='word_1_145' title='bbox 999 2611 1172 2698; x_wconf 88' lang='lat' dir='ltr'>Namque</span> <span class='ocrx_word' id='word_1_146' title='bbox 1207 2611 1243 2678; x_wconf 93' lang='lat' dir='ltr'>in</span> <span class='ocrx_word' id='word_1_147' title='bbox 1281 2611 1352 2680; x_wconf 90' lang='lat' dir='ltr'>bac</span> <span class='ocrx_word' id='word_1_148' title='bbox 1389 2610 1495 2680; x_wconf 91' lang='lat' dir='ltr'>brevi</span> 
     </span>
     <span class='ocr_line' id='line_1_22' title="bbox 146 2715 1494 2806; baseline 0.001 -22"><span class='ocrx_word' id='word_1_149' title='bbox 146 2715 429 2804; x_wconf 86' lang='lat' dir='ltr'>disceptatione,</span> <span class='ocrx_word' id='word_1_150' title='bbox 455 2717 529 2786; x_wconf 91' lang='lat' dir='ltr'>mei</span> <span class='ocrx_word' id='word_1_151' title='bbox 552 2716 723 2785; x_wconf 88' lang='lat' dir='ltr'>muneris</span> <span class='ocrx_word' id='word_1_152' title='bbox 747 2718 823 2802; x_wconf 84' lang='lat' dir='ltr'>erit,</span> <span class='ocrx_word' id='word_1_153' title='bbox 848 2725 1021 2786; x_wconf 88' lang='lat' dir='ltr'>sanctum</span> <span class='ocrx_word' id='word_1_154' title='bbox 1039 2717 1134 2787; x_wconf 87' lang='lat' dir='ltr'>vitae</span> <span class='ocrx_word' id='word_1_155' title='bbox 1150 2736 1272 2806; x_wconf 88' lang='lat' dir='ltr'>genus</span> <span class='ocrx_word' id='word_1_156' title='bbox 1287 2719 1381 2787; x_wconf 91' lang='lat' dir='ltr'>Ven.</span> <span class='ocrx_word' id='word_1_157' title='bbox 1397 2719 1494 2787; x_wconf 89' lang='lat' dir='ltr'>Lau·</span> 
     </span>
     <span class='ocr_line' id='line_1_23' title="bbox 146 2821 1495 2912; baseline 0.001 -20"><span class='ocrx_word' id='word_1_158' title='bbox 146 2825 225 2892; x_wconf 92' lang='lat' dir='ltr'>nini</span> <span class='ocrx_word' id='word_1_159' title='bbox 249 2823 478 2909; x_wconf 84' lang='lat' dir='ltr'>exscribere,</span> <span class='ocrx_word' id='word_1_160' title='bbox 502 2821 643 2894; x_wconf 90' lang='lat' dir='ltr'>lamam</span> <span class='ocrx_word' id='word_1_161' title='bbox 667 2824 893 2912; x_wconf 83' lang='lat' dir='ltr'>omnigenae</span> <span class='ocrx_word' id='word_1_162' title='bbox 916 2825 1128 2911; x_wconf 87' lang='lat' dir='ltr'>sanctitatis,</span> <span class='ocrx_word' id='word_1_163' title='bbox 1146 2843 1221 2912; x_wconf 86' lang='lat' dir='ltr'>qua</span> <span class='ocrx_word' id='word_1_164' title='bbox 1238 2825 1429 2910; x_wconf 89' lang='lat' dir='ltr'>praeditus</span> <span class='ocrx_word' id='word_1_165' title='bbox 1445 2843 1495 2894; x_wconf 89' lang='lat' dir='ltr'>ex</span> 
     </span>
     <span class='ocr_line' id='line_1_24' title="bbox 146 2929 1496 3019; baseline 0.001 -19"><span class='ocrx_word' id='word_1_166' title='bbox 146 2931 220 3000; x_wconf 88' lang='lat' dir='ltr'>bac</span> <span class='ocrx_word' id='word_1_167' title='bbox 248 2932 319 3002; x_wconf 82' lang='lat' dir='ltr'>vita</span> <span class='ocrx_word' id='word_1_168' title='bbox 344 2929 527 3018; x_wconf 85' lang='lat' dir='ltr'>migravit,</span> <span class='ocrx_word' id='word_1_169' title='bbox 552 2949 740 3016; x_wconf 86' lang='lat' dir='ltr'>enarrare,</span> <span class='ocrx_word' id='word_1_170' title='bbox 765 2950 809 3001; x_wconf 89' lang='lat' dir='ltr'>ac</span> <span class='ocrx_word' id='word_1_171' title='bbox 832 2932 983 3001; x_wconf 87' lang='lat' dir='ltr'>tandem</span> <span class='ocrx_word' id='word_1_172' title='bbox 1006 2929 1240 3019; x_wconf 70' lang='lat' dir='ltr'>‘perpetuum</span> <span class='ocrx_word' id='word_1_173' title='bbox 1272 2931 1413 3000; x_wconf 89' lang='lat' dir='ltr'>cultum</span> <span class='ocrx_word' id='word_1_174' title='bbox 1450 2931 1496 3001; x_wconf 90' lang='lat' dir='ltr'>ei·</span> 
     </span>
     <span class='ocr_line' id='line_1_25' title="bbox 144 3035 1492 3126; baseline -0.001 -20"><span class='ocrx_word' id='word_1_175' title='bbox 144 3037 234 3107; x_wconf 89' lang='lat' dir='ltr'>dem</span> <span class='ocrx_word' id='word_1_176' title='bbox 261 3035 476 3106; x_wconf 86' lang='lat' dir='ltr'>Venerabili</span> <span class='ocrx_word' id='word_1_177' title='bbox 501 3038 763 3125; x_wconf 86' lang='lat' dir='ltr'>praestitutum</span> <span class='ocrx_word' id='word_1_178' title='bbox 794 3057 978 3125; x_wconf 88' lang='lat' dir='ltr'>asserere,</span> <span class='ocrx_word' id='word_1_179' title='bbox 1007 3057 1051 3108; x_wconf 88' lang='lat' dir='ltr'>ac</span> <span class='ocrx_word' id='word_1_180' title='bbox 1075 3039 1348 3109; x_wconf 86' lang='lat' dir='ltr'>demonstrare.</span> <span class='ocrx_word' id='word_1_181' title='bbox 1373 3038 1492 3126; x_wconf 87' lang='lat' dir='ltr'>Quod,</span> 
     </span>
     <span class='ocr_line' id='line_1_26' title="bbox 145 3143 1495 3233; baseline 0.001 -19"><span class='ocrx_word' id='word_1_182' title='bbox 145 3146 226 3214; x_wconf 90' lang='lat' dir='ltr'>Deo</span> <span class='ocrx_word' id='word_1_183' title='bbox 243 3143 465 3231; x_wconf 82' lang='lat' dir='ltr'>auxiliante,</span> <span class='ocrx_word' id='word_1_184' title='bbox 490 3144 699 3232; x_wconf 82' lang='lat' dir='ltr'>conficiam,</span> <span class='ocrx_word' id='word_1_185' title='bbox 724 3146 772 3214; x_wconf 89' lang='lat' dir='ltr'>ab</span> <span class='ocrx_word' id='word_1_186' title='bbox 795 3146 1039 3233; x_wconf 88' lang='lat' dir='ltr'>amplissimis</span> <span class='ocrx_word' id='word_1_187' title='bbox 1070 3147 1307 3217; x_wconf 90' lang='lat' dir='ltr'>documentis</span> <span class='ocrx_word' id='word_1_188' title='bbox 1341 3147 1378 3214; x_wconf 93' lang='lat' dir='ltr'>in</span> <span class='ocrx_word' id='word_1_189' title='bbox 1409 3147 1495 3215; x_wconf 83' lang='lat' dir='ltr'>Pro</span> 
     </span>
     <span class='ocr_line' id='line_1_27' title="bbox 143 3252 1043 3342; baseline -0.002 -21"><span class='ocrx_word' id='word_1_190' title='bbox 143 3270 271 3335; x_wconf 85' lang='lat' dir='ltr'>ressu,</span> <span class='ocrx_word' id='word_1_191' title='bbox 296 3269 341 3322; x_wconf 89' lang='lat' dir='ltr'>ac</span> <span class='ocrx_word' id='word_1_192' title='bbox 364 3253 400 3320; x_wconf 94' lang='lat' dir='ltr'>in</span> <span class='ocrx_word' id='word_1_193' title='bbox 426 3252 643 3321; x_wconf 86' lang='lat' dir='ltr'>Summario</span> <span class='ocrx_word' id='word_1_194' title='bbox 666 3252 791 3322; x_wconf 88' lang='lat' dir='ltr'>relatis</span> <span class='ocrx_word' id='word_1_195' title='bbox 818 3252 1043 3342; x_wconf 86' lang='lat' dir='ltr'>attingendo.</span> 
     </span>
    </p>

    <p class='ocr_par' dir='ltr' id='par_1_7' title="bbox 144 3357 1495 4194">
     <span class='ocr_line' id='line_1_28' title="bbox 215 3357 1494 3430; baseline 0.001 -3"><span class='ocrx_word' id='word_1_196' title='bbox 215 3357 310 3427; x_wconf 91' lang='lat' dir='ltr'>Cum</span> <span class='ocrx_word' id='word_1_197' title='bbox 335 3359 395 3428; x_wconf 90' lang='lat' dir='ltr'>sui</span> <span class='ocrx_word' id='word_1_198' title='bbox 417 3357 555 3428; x_wconf 85' lang='lat' dir='ltr'>familia</span> <span class='ocrx_word' id='word_1_199' title='bbox 581 3377 630 3428; x_wconf 89' lang='lat' dir='ltr'>ex</span> <span class='ocrx_word' id='word_1_200' title='bbox 654 3360 884 3429; x_wconf 88' lang='lat' dir='ltr'>Normandia</span> <span class='ocrx_word' id='word_1_201' title='bbox 907 3360 944 3428; x_wconf 91' lang='lat' dir='ltr'>in</span> <span class='ocrx_word' id='word_1_202' title='bbox 969 3361 1172 3430; x_wconf 88' lang='lat' dir='ltr'>catholicae</span> <span class='ocrx_word' id='word_1_203' title='bbox 1188 3359 1376 3430; x_wconf 87' lang='lat' dir='ltr'>Ecclesiae</span> <span class='ocrx_word' id='word_1_204' title='bbox 1392 3361 1494 3430; x_wconf 89' lang='lat' dir='ltr'>anxi-</span> 
     </span>
     <span class='ocr_line' id='line_1_29' title="bbox 146 3463 1494 3554; baseline 0.004 -22"><span class='ocrx_word' id='word_1_205' title='bbox 146 3465 241 3534; x_wconf 91' lang='lat' dir='ltr'>lium</span> <span class='ocrx_word' id='word_1_206' title='bbox 267 3485 289 3533; x_wconf 88' lang='lat' dir='ltr'>a</span> <span class='ocrx_word' id='word_1_207' title='bbox 314 3465 404 3534; x_wconf 89' lang='lat' dir='ltr'>diris</span> <span class='ocrx_word' id='word_1_208' title='bbox 427 3463 649 3536; x_wconf 84' lang='lat' dir='ltr'>factionibus</span> <span class='ocrx_word' id='word_1_209' title='bbox 665 3469 754 3534; x_wconf 90' lang='lat' dir='ltr'>tunc</span> <span class='ocrx_word' id='word_1_210' title='bbox 770 3467 950 3553; x_wconf 91' lang='lat' dir='ltr'>temporis</span> <span class='ocrx_word' id='word_1_211' title='bbox 964 3466 1172 3554; x_wconf 82' lang='lat' dir='ltr'>divexatae,</span> <span class='ocrx_word' id='word_1_212' title='bbox 1188 3469 1282 3536; x_wconf 90' lang='lat' dir='ltr'>Ven.</span> <span class='ocrx_word' id='word_1_213' title='bbox 1299 3467 1494 3538; x_wconf 89' lang='lat' dir='ltr'>Lanuinus</span> 
     </span>
     <span class='ocr_line' id='line_1_30' title="bbox 148 3571 1495 3663; baseline 0.002 -24"><span class='ocrx_word' id='word_1_214' title='bbox 148 3571 249 3640; x_wconf 87' lang='lat' dir='ltr'>bunc</span> <span class='ocrx_word' id='word_1_215' title='bbox 275 3576 442 3642; x_wconf 87' lang='lat' dir='ltr'>nostram</span> <span class='ocrx_word' id='word_1_216' title='bbox 467 3572 701 3659; x_wconf 91' lang='lat' dir='ltr'>Hesperiam,</span> <span class='ocrx_word' id='word_1_217' title='bbox 725 3573 773 3642; x_wconf 88' lang='lat' dir='ltr'>ab</span> <span class='ocrx_word' id='word_1_218' title='bbox 803 3573 892 3642; x_wconf 89' lang='lat' dir='ltr'>ltalo</span> <span class='ocrx_word' id='word_1_219' title='bbox 917 3575 1021 3663; x_wconf 87' lang='lat' dir='ltr'>Rege</span> <span class='ocrx_word' id='word_1_220' title='bbox 1056 3573 1166 3642; x_wconf 91' lang='lat' dir='ltr'>hodie</span> <span class='ocrx_word' id='word_1_221' title='bbox 1192 3572 1333 3644; x_wconf 91' lang='lat' dir='ltr'>ltaliam</span> <span class='ocrx_word' id='word_1_222' title='bbox 1370 3573 1495 3662; x_wconf 90' lang='lat' dir='ltr'>appel-</span> 
     </span>
     <span class='ocr_line' id='line_1_31' title="bbox 146 3677 1492 3770; baseline 0.004 -24"><span class='ocrx_word' id='word_1_223' title='bbox 146 3677 265 3748; x_wconf 90' lang='lat' dir='ltr'>latam</span> <span class='ocrx_word' id='word_1_224' title='bbox 291 3680 445 3749; x_wconf 89' lang='lat' dir='ltr'>saeculo</span> <span class='ocrx_word' id='word_1_225' title='bbox 468 3679 520 3748; x_wconf 92' lang='lat' dir='ltr'>Xl</span> <span class='ocrx_word' id='word_1_226' title='bbox 545 3680 695 3748; x_wconf 89' lang='lat' dir='ltr'>ineunte</span> <span class='ocrx_word' id='word_1_227' title='bbox 719 3681 880 3767; x_wconf 87' lang='lat' dir='ltr'>oppetiit.</span> <span class='ocrx_word' id='word_1_228' title='bbox 915 3681 974 3749; x_wconf 82' lang='lat' dir='ltr'>Ab</span> <span class='ocrx_word' id='word_1_229' title='bbox 1004 3682 1166 3751; x_wconf 88' lang='lat' dir='ltr'>Auctore</span> <span class='ocrx_word' id='word_1_230' title='bbox 1195 3687 1360 3770; x_wconf 87' lang='lat' dir='ltr'>naturae,</span> <span class='ocrx_word' id='word_1_231' title='bbox 1384 3680 1492 3752; x_wconf 85' lang='lat' dir='ltr'>ferax</span> 
     </span>
     <span class='ocr_line' id='line_1_32' title="bbox 147 3785 1494 3877; baseline 0.005 -24"><span class='ocrx_word' id='word_1_232' title='bbox 147 3785 354 3874; x_wconf 84' lang='lat' dir='ltr'>ingenium,</span> <span class='ocrx_word' id='word_1_233' title='bbox 379 3787 491 3874; x_wconf 90' lang='lat' dir='ltr'>piam,</span> <span class='ocrx_word' id='word_1_234' title='bbox 522 3787 760 3876; x_wconf 90' lang='lat' dir='ltr'>morigeram,</span> <span class='ocrx_word' id='word_1_235' title='bbox 792 3807 1028 3875; x_wconf 86' lang='lat' dir='ltr'>suavemque</span> <span class='ocrx_word' id='word_1_236' title='bbox 1053 3789 1215 3858; x_wconf 92' lang='lat' dir='ltr'>indolem</span> <span class='ocrx_word' id='word_1_237' title='bbox 1247 3794 1390 3877; x_wconf 90' lang='lat' dir='ltr'>nactus,</span> <span class='ocrx_word' id='word_1_238' title='bbox 1423 3794 1494 3860; x_wconf 87' lang='lat' dir='ltr'>sta-</span> 
     </span>
     <span class='ocr_line' id='line_1_33' title="bbox 146 3893 1493 3984; baseline 0.002 -22"><span class='ocrx_word' id='word_1_239' title='bbox 146 3895 213 3962; x_wconf 90' lang='lat' dir='ltr'>tim</span> <span class='ocrx_word' id='word_1_240' title='bbox 238 3911 284 3962; x_wconf 89' lang='lat' dir='ltr'>ac</span> <span class='ocrx_word' id='word_1_241' title='bbox 309 3893 390 3963; x_wconf 88' lang='lat' dir='ltr'>eius</span> <span class='ocrx_word' id='word_1_242' title='bbox 414 3893 643 3962; x_wconf 90' lang='lat' dir='ltr'>domicilium</span> <span class='ocrx_word' id='word_1_243' title='bbox 668 3894 704 3962; x_wconf 93' lang='lat' dir='ltr'>in</span> <span class='ocrx_word' id='word_1_244' title='bbox 729 3895 800 3964; x_wconf 88' lang='lat' dir='ltr'>huc</span> <span class='ocrx_word' id='word_1_245' title='bbox 824 3895 922 3965; x_wconf 90' lang='lat' dir='ltr'>alma</span> <span class='ocrx_word' id='word_1_246' title='bbox 943 3896 1044 3966; x_wconf 89' lang='lat' dir='ltr'>Urbe</span> <span class='ocrx_word' id='word_1_247' title='bbox 1060 3894 1150 3978; x_wconf 76' lang='lat' dir='ltr'>flxil,</span> <span class='ocrx_word' id='word_1_248' title='bbox 1168 3896 1292 3966; x_wconf 88' lang='lat' dir='ltr'>adbuc</span> <span class='ocrx_word' id='word_1_249' title='bbox 1308 3895 1493 3984; x_wconf 85' lang='lat' dir='ltr'>puerulus</span> 
     </span>
     <span class='ocr_line' id='line_1_34' title="bbox 145 4000 1493 4090; baseline 0 -20"><span class='ocrx_word' id='word_1_250' title='bbox 145 4001 193 4070; x_wconf 88' lang='lat' dir='ltr'>ad</span> <span class='ocrx_word' id='word_1_251' title='bbox 219 4005 386 4069; x_wconf 90' lang='lat' dir='ltr'>mentem</span> <span class='ocrx_word' id='word_1_252' title='bbox 411 4000 670 4088; x_wconf 87' lang='lat' dir='ltr'>excolendam,</span> <span class='ocrx_word' id='word_1_253' title='bbox 696 4001 743 4071; x_wconf 90' lang='lat' dir='ltr'>nd</span> <span class='ocrx_word' id='word_1_254' title='bbox 768 4020 834 4070; x_wconf 89' lang='lat' dir='ltr'>cor</span> <span class='ocrx_word' id='word_1_255' title='bbox 857 4003 893 4070; x_wconf 94' lang='lat' dir='ltr'>in</span> <span class='ocrx_word' id='word_1_256' title='bbox 918 4002 1051 4090; x_wconf 85' lang='lat' dir='ltr'>pietate</span> <span class='ocrx_word' id='word_1_257' title='bbox 1075 4001 1363 4089; x_wconf 82' lang='lat' dir='ltr'>efformandum,</span> <span class='ocrx_word' id='word_1_258' title='bbox 1388 4021 1433 4072; x_wconf 91' lang='lat' dir='ltr'>ac</span> <span class='ocrx_word' id='word_1_259' title='bbox 1456 4003 1493 4070; x_wconf 93' lang='lat' dir='ltr'>in</span> 
     </span>
     <span class='ocr_line' id='line_1_35' title="bbox 144 4107 1121 4194; baseline 0.001 -20"><span class='ocrx_word' id='word_1_260' title='bbox 144 4108 349 4194; x_wconf 87' lang='lat' dir='ltr'>omnigena</span> <span class='ocrx_word' id='word_1_261' title='bbox 373 4107 506 4177; x_wconf 85' lang='lat' dir='ltr'>virtute</span> <span class='ocrx_word' id='word_1_262' title='bbox 531 4109 797 4177; x_wconf 87' lang='lat' dir='ltr'>exornandum</span> <span class='ocrx_word' id='word_1_263' title='bbox 821 4111 922 4176; x_wconf 89' lang='lat' dir='ltr'>totus</span> <span class='ocrx_word' id='word_1_264' title='bbox 946 4127 988 4177; x_wconf 88' lang='lat' dir='ltr'>se</span> <span class='ocrx_word' id='word_1_265' title='bbox 1012 4107 1121 4178; x_wconf 86' lang='lat' dir='ltr'>dedit.</span> 
     </span>
    </p>

    <p class='ocr_par' dir='ltr' id='par_1_8' title="bbox 144 4213 1495 4626">
     <span class='ocr_line' id='line_1_36' title="bbox 213 4213 1492 4302; baseline -0.001 -18"><span class='ocrx_word' id='word_1_266' title='bbox 213 4215 420 4302; x_wconf 89' lang='lat' dir='ltr'>Utriusque</span> <span class='ocrx_word' id='word_1_267' title='bbox 444 4213 593 4301; x_wconf 77' lang='lat' dir='ltr'>laboriS,</span> <span class='ocrx_word' id='word_1_268' title='bbox 618 4234 662 4284; x_wconf 90' lang='lat' dir='ltr'>ac</span> <span class='ocrx_word' id='word_1_269' title='bbox 686 4215 1010 4302; x_wconf 89' lang='lat' dir='ltr'>praeclarissimae</span> <span class='ocrx_word' id='word_1_270' title='bbox 1041 4215 1314 4286; x_wconf 86' lang='lat' dir='ltr'>exercitationis</span> <span class='ocrx_word' id='word_1_271' title='bbox 1353 4215 1492 4284; x_wconf 89' lang='lat' dir='ltr'>uberri-</span> 
     </span>
     <span class='ocr_line' id='line_1_37' title="bbox 147 4318 1495 4408; baseline 0.002 -20"><span class='ocrx_word' id='word_1_272' title='bbox 147 4339 236 4389; x_wconf 87' lang='lat' dir='ltr'>mus</span> <span class='ocrx_word' id='word_1_273' title='bbox 261 4318 423 4390; x_wconf 80' lang='lat' dir='ltr'>fructus:</span> <span class='ocrx_word' id='word_1_274' title='bbox 449 4339 550 4408; x_wconf 89' lang='lat' dir='ltr'>nam,</span> <span class='ocrx_word' id='word_1_275' title='bbox 583 4321 754 4390; x_wconf 89' lang='lat' dir='ltr'>absoluto</span> <span class='ocrx_word' id='word_1_276' title='bbox 776 4323 869 4408; x_wconf 58' lang='lat' dir='ltr'>:eius</span> <span class='ocrx_word' id='word_1_277' title='bbox 905 4323 1116 4392; x_wconf 89' lang='lat' dir='ltr'>studiorum</span> <span class='ocrx_word' id='word_1_278' title='bbox 1151 4321 1347 4408; x_wconf 88' lang='lat' dir='ltr'>curricula,</span> <span class='ocrx_word' id='word_1_279' title='bbox 1383 4321 1495 4392; x_wconf 90' lang='lat' dir='ltr'>laude</span> 
     </span>
     <span class='ocr_line' id='line_1_38' title="bbox 144 4425 1492 4518; baseline 0.001 -23"><span class='ocrx_word' id='word_1_280' title='bbox 144 4427 318 4495; x_wconf 91' lang='lat' dir='ltr'>omnium</span> <span class='ocrx_word' id='word_1_281' title='bbox 344 4427 561 4514; x_wconf 90' lang='lat' dir='ltr'>litterarum,</span> <span class='ocrx_word' id='word_1_282' title='bbox 585 4433 622 4497; x_wconf 85' lang='lat' dir='ltr'>et</span> <span class='ocrx_word' id='word_1_283' title='bbox 644 4429 776 4497; x_wconf 89' lang='lat' dir='ltr'>merito</span> <span class='ocrx_word' id='word_1_284' title='bbox 800 4429 957 4518; x_wconf 89' lang='lat' dir='ltr'>insignis</span> <span class='ocrx_word' id='word_1_285' title='bbox 979 4429 1123 4516; x_wconf 88' lang='lat' dir='ltr'>pietatis</span> <span class='ocrx_word' id='word_1_286' title='bbox 1146 4431 1247 4518; x_wconf 91' lang='lat' dir='ltr'>apud</span> <span class='ocrx_word' id='word_1_287' title='bbox 1271 4434 1426 4498; x_wconf 89' lang='lat' dir='ltr'>cunctos</span> <span class='ocrx_word' id='word_1_288' title='bbox 1442 4425 1492 4497; x_wconf 84' lang='lat' dir='ltr'>ei-</span> 
     </span>
     <span class='ocr_line' id='line_1_39' title="bbox 144 4535 1490 4626; baseline 0.002 -22"><span class='ocrx_word' id='word_1_289' title='bbox 144 4535 283 4605; x_wconf 85' lang='lat' dir='ltr'>floruit.</span> <span class='ocrx_word' id='word_1_290' title='bbox 308 4536 361 4606; x_wconf 90' lang='lat' dir='ltr'>De</span> <span class='ocrx_word' id='word_1_291' title='bbox 385 4536 524 4624; x_wconf 88' lang='lat' dir='ltr'>quibus</span> <span class='ocrx_word' id='word_1_292' title='bbox 548 4555 686 4626; x_wconf 90' lang='lat' dir='ltr'>magna</span> <span class='ocrx_word' id='word_1_293' title='bbox 712 4539 929 4608; x_wconf 87' lang='lat' dir='ltr'>auctoritate</span> <span class='ocrx_word' id='word_1_294' title='bbox 952 4543 1107 4608; x_wconf 90' lang='lat' dir='ltr'>testatur</span> <span class='ocrx_word' id='word_1_295' title='bbox 1131 4539 1218 4609; x_wconf 89' lang='lat' dir='ltr'>clar.</span> <span class='ocrx_word' id='word_1_296' title='bbox 1243 4539 1420 4626; x_wconf 79' lang='lat' dir='ltr'>Tromby,</span> <span class='ocrx_word' id='word_1_297' title='bbox 1438 4542 1490 4608; x_wconf 92' lang='lat' dir='ltr'>ut·</span> 
     </span>
    </p>
   </div>
   <div class='ocr_carea' id='block_1_5' title="bbox 0 0 1842 5262">
    <p class='ocr_par' dir='ltr' id='par_1_9' title="bbox 0 0 1842 5262">
     <span class='ocr_line' id='line_1_40' title="bbox 0 0 1842 5262; baseline 0 2"><span class='ocrx_word' id='word_1_298' title='bbox 0 0 1842 5262; x_wconf 95' lang='lat' dir='ltr'> </span> 
     </span>
    </p>
   </div>
  </div>
 </body>
</html>
