3674 5264
914 311 1135 359 cnsrnrnnuls

742 475 1029 558 Disceptatio
1054 473 1316 556 Synoptlca.

438 671 581 746 Vorun
609 667 823 744 Timonem.
855 667 913 746 Ut
940 665 1111 740 mulieris
1134 665 1460 769 ,postulationibus
1489 664 1583 741 satis
1613 666 1701 757 flat,

355 791 447 884 tria,
480 791 520 866 ni
551 789 677 880 fallor,
699 786 925 888 inquirenda
942 786 1120 878 veniunt,
1149 790 1190 860 et
1208 785 1501 862 demonstranda
1520 812 1569 862 ex
1588 787 1703 862 Actis

355 913 577 1003 Processus,
609 911 664 984 ait
685 907 905 1000 Consultor,
938 905 1116 982 videlicet
1148 906 1183 981 1.
1206 932 1255 982 an
1279 932 1413 982 revera
1432 911 1596 1004 constet,
1619 933 1705 982 ma-

355 1031 580 1108 trimonium
607 1029 646 1104 in
677 1053 781 1120 casu,
813 1027 856 1102 ob
885 1025 961 1100 viri
981 1025 1261 1128 impotentiam,
1290 1050 1496 1126 numquam
1523 1049 1700 1101 consum-

354 1158 502 1226 matum
531 1149 672 1238 fuisse,
705 1147 744 1221 2.
776 1171 825 1222 an
854 1171 989 1221 revera
1017 1151 1166 1220 constet
1195 1145 1323 1220 virum
1342 1145 1382 1220 in
1402 1144 1543 1221 talibus
1571 1143 1705 1219 condi-

354 1272 521 1348 tionibus
548 1269 707 1372 reperiri
739 1273 781 1343 ut
809 1266 979 1342 absolute
1007 1265 1294 1342 matrimonium
1332 1289 1594 1340 consummare
1622 1289 1701 1339 non

355 1392 496 1495 possit;
530 1391 570 1467 3.
602 1417 651 1466 an
671 1413 806 1464 revera
824 1388 981 1489 probata
1010 1391 1162 1462 mancat
1181 1375 1267 1460 viri
1286 1385 1527 1487 impotentia,
1559 1383 1698 1460 nedum

285 1609 287 1615 A
353 1511 526 1587 absoluta
553 1513 593 1585 et
621 1507 860 1599 antecedam,
892 1505 1093 1582 sedetiam
1117 1511 1312 1608 perpetua.
1344 1505 1506 1606 Singula
1532 1503 1701 1581 breviter

353 1631 474 1733 quoad
504 1630 648 1706 factum
678 1627 928 1730 perpendam:
971 1624 1073 1700 lacto
1111 1625 1283 1702 enimin
1318 1609 1513 1700 evidentia
1549 1624 1695 1726 posite,

352 1759 526 1830 vestrum
553 1753 642 1844 erit,
675 1747 956 1852 Sapientissimi
987 1747 1146 1838 ludiceS,
1173 1747 1262 1848 quid
1291 1747 1396 1822 Sacri
1425 1747 1600 1824 Oenones
1619 1751 1706 1820 sta·
1818 1755 1824 1766 “

352 1877 482 1965 tuant,
514 1869 601 1972 quid
632 1868 845 1970 theologica
873 1867 1046 1942 doctrina
1074 1866 1205 1941 doceat
1233 1865 1440 1942 declarare.

434 1993 566 2094 ltaque
594 1979 898 2082 matrimonium,
922 1995 1033 2090 prout
1062 1986 1102 2062 in
1122 1987 1306 2079 themate,
1339 2011 1546 2086 numquam
1564 2009 1702 2060 revera.

322 2116 658 2188 'consummatum
687 2109 828 2202 fuisse,
870 2108 980 2208 idque
1015 2107 1060 2183 ob
1089 2105 1164 2181 viri
1199 2105 1486 2208 impotentiam,
1528 2103 1702 2206 pluribus

298 2326 300 2330 Ι
352 2238 479 2336 potest
507 2230 744 2332 argumentis
772 2228 1039 2319 demonstrari,
1071 2253 1119 2303 ex
1148 2225 1195 2301 iis
1223 2225 1408 2317 deductiS,
1440 2249 1534 2325 quae
1562 2222 1704 2299 matri·

352 2355 522 2429 monium
551 2350 612 2428 vel
641 2352 954 2454 praecesserunt,
986 2348 1048 2423 vel
1076 2347 1329 2422 concomitata
1357 2351 1472 2438 sunt,
1515 2343 1575 2420 vel
1605 2354 1696 2420 sunt

355 2475 570 2550 subsecuta.

434 2593 488 2670 Et
516 2619 606 2668 sane
634 2596 722 2666 dum
752 2592 936 2691 agebatur
963 2589 1007 2664 de
1037 2587 1281 2664 matrimonio
1310 2585 1592 2678 contrahend0,
1634 2611 1704 2687 pe-

279 2743 283 2752 ·
352 2715 451 2789 ritus
480 2713 646 2787 medicus
675 2709 782 2786 Dirus
811 2710 990 2785 Nicotaus
1012 2707 1211 2799 Scherilm,
1243 2706 1306 2807 qui
1335 2731 1568 2808 opemsuam
1589 2731 1703 2808 prae·
1741 2691 1744 2698 ¹

354 2835 480 2910 stabat
508 2833 650 2907 duatus
681 2831 838 2906 familiis
868 2829 957 2908 Crel
986 2834 1025 2905 et
1053 2827 1342 2934 Gambardella,
1374 2827 1512 2928 quique
1541 2825 1700 2927 proinde

352 2955 530 3030 iuvenem
559 2951 739 3029 Carolun
768 2951 909 3054 optime
938 2951 1179 3053 agnoscebat,
1205 2947 1389 3023 Paulinae
1409 2951 1589 3048 patruum
1618 2969 1704 3020 mo-

353 3077 441 3152 nuit
469 3079 512 3148 ut
542 3071 829 3148 matrimonium
859 3072 1073 3174 impediret,
1104 3094 1147 3146 eo
1168 3068 1229 3144 rel
1258 3069 1346 3168 quia
1366 3067 1526 3144 Carolus
1550 3066 1597 3141 ad
1616 3091 1703 3141 ma-

354 3195 579 3271 trimonium
607 3192 787 3269 inhabilis
816 3199 914 3268 erat.
1626 3179 1627 3184 ¹

432 3315 536 3390 Idem
555 3318 723 3390 testatur
741 3313 909 3390 Aloisius
938 3311 1079 3402 Lanni,
1103 3309 1167 3410 qui
1190 3334 1277 3384 cum
1296 3307 1438 3410 pluries
1459 3305 1697 3408 adspexisset

352 3435 586 3512 denudatum
615 3433 796 3511 Carolum
826 3433 914 3509 Crel
942 3433 983 3508 in
1012 3431 1165 3506 alueum
1193 3429 1502 3520 descendentem,
1534 3432 1573 3503 et
1600 3427 1702 3502 viri-

352 3555 448 3632 lium
468 3553 808 3630 conformationem
828 3579 871 3629 ac
901 3551 1153 3654 frigiditatem
1175 3550 1533 3627 animadvertisset:
1561 3549 1710 3624 statim,

312 3771 314 3776 ,
354 3699 397 3749 ac
424 3674 573 3750 audivit
593 3675 672 3750 fore
701 3679 745 3750 ut
766 3673 1010 3750 matrimonio
1029 3671 1273 3774 copularetur
1291 3697 1376 3748 cum
1396 3669 1561 3746 Paulina
1579 3671 1702 3744 Gam-

350 3794 532 3888 bardella,
555 3796 717 3884 retinuit
737 3821 811 3870 non
833 3819 939 3896 posse
960 3793 1037 3868 tale
1066 3792 1353 3868 matrimonium
1372 3791 1520 3866 exitum
1545 3789 1694 3864 felicem

352 3917 503 4006 habere,
535 3939 579 3991 eo
609 3915 668 3990 vel
698 3916 786 4016 quia
815 3913 1020 3990 inhabilem
1052 3912 1231 3991 Carolurn
1252 3911 1297 3987 ad
1328 3909 1693 3986 consummationem

351 4037 524 4140 putabat.
558 4035 752 4128 Quininm,
784 4060 832 4110 ex
860 4034 989 4110 eadem
1017 4033 1270 4136 experientia,
1303 4033 1401 4107 idem
1431 4035 1597 4106 testatur
1627 4033 1701 4107 Ni-

352 4156 481 4232 colaus
509 4156 558 4230 Di
587 4157 770 4247 llartinO,
802 4179 870 4230 nec
900 4179 975 4230 non
996 4154 1187 4244 Antonius
1217 4153 1355 4231 Rosati
1382 4151 1445 4252 qui
1465 4174 1593 4225 onmes
1614 4175 1699 4225 ma-

267 4291 272 4301 “
352 4276 524 4352 trimonii
552 4277 700 4352 exitum
738 4281 941 4374 antequam
979 4273 1270 4349 contraheretur
1308 4270 1692 4374 praenuntiaverant.

434 4397 486 4474 Et
524 4397 619 4497 quod
660 4396 724 4471 isti
763 4395 936 4471 futurum
965 4393 1256 4496 praeviderant,
1297 4392 1442 4467 factum
1475 4389 1696 4492 plenissime

352 4521 646 4597 confirmavit'a
675 4519 796 4620 prima
832 4516 1055 4619 nuptiarum
1093 4521 1222 4592 nocte:
1256 4513 1348 4616 ipsis
1382 4511 1484 4587 enim
1523 4509 1695 4611 partibus

351 4641 576 4733 fatentibus,
608 4639 731 4716 onmis
761 4637 867 4714 nisus
895 4636 941 4712 ad
970 4635 1335 4712 consummationem
1363 4631 1515 4709 inutilis
1551 4630 1692 4722 evasit,
