3650 5242
698 287 932 332 nurxnxomun
1443 276 1483 340 99

208 389 374 466 Interim
405 386 588 488 gallicum
616 387 827 464 dominium
854 413 1031 464 eversum
1059 387 1199 470 fuerat.
1236 394 1348 492 atque
1391 394 1484 470 Ale-

129 510 326 586 xandrina
354 507 517 584 civitate
545 533 678 584 rursus
706 509 774 586 sub
795 508 991 586 Sardiniae
1010 510 1112 610 regis
1127 510 1291 588 dominio
1311 513 1479 608 redacta,

124 632 172 707 ad
203 631 370 706 formam
399 629 664 706 conventionis
692 629 783 706 anni
816 628 934 724 1814,
966 629 1059 706 inibi
1086 638 1231 706 erectas
1251 635 1483 712 munitiones
1548 627 1551 634 ’

125 775 196 826 333
229 749 521 854 propugnacula
548 749 693 826 destrui
723 749 943 826 mandatum
972 753 1045 824 est.
1069 751 1252 828 Attamen
1268 752 1482 832 huiusmodi

130 871 333 947 demolitio
361 871 514 946 nonnisi
542 869 797 970 lentogradu
828 871 1025 971 processit,
1048 870 1102 944 ita
1124 877 1166 945 ut
1195 881 1312 974 usque
1339 873 1385 950 ad
1414 902 1483 952 an-

134 1016 230 1067 num
262 990 367 1068 1857
396 991 504 1066 33113
531 991 792 1066 controversia
821 991 940 1090 quoad
968 1015 1188 1067 eversarum
1226 995 1483 1073 munitionum

134 1113 377 1188 territorium
405 1111 575 1188 excitata
603 1109 735 1186 fuerit.
767 1111 848 1186 Hoc
883 1137 974 1186 vero
1010 1137 1124 1190 anno.
1164 1113 1286 1190 ueluti
1327 1122 1483 1195 enarrat

128 1233 332 1310 sententia
360 1233 399 1308 in
430 1231 620 1334 praesenti
649 1255 764 1306 causa
792 1256 815 1306 a
843 1231 998 1310 Vicario
1034 1232 1202 1334 generali
1232 1233 1325 1328 lata,
1366 1260 1482 1336 quum
1521 1231 1524 1240 ’

133 1353 240 1430 muri
269 1353 418 1454 antiqui
448 1351 705 1428 Alexandriae
739 1351 847 1452 quasi
880 1351 1171 1453 disparuissent‚
1203 1358 1243 1427 31
1284 1358 1483 1434 extructae

130 1474 280 1550 fuerint
310 1497 432 1548 novae
470 1472 701 1547 munitiones
726 1470 838 1572 longe
867 1497 889 1547 a
916 1472 1089 1555 civitate.
1120 1475 1292 1550 canonici
1321 1475 1359 1552 S.
1383 1482 1484 1556 Lau·
1555 1487 1576 1517 '·

128 1595 250 1670 rentii
277 1599 511 1670 censuerunt
539 1595 710 1694 spectare
739 1591 785 1666 ad
813 1592 967 1668 illorum
996 1592 1206 1669 Ecclesiam
1228 1593 1479 1694 collegialem

126 1715 341 1790 stationem
372 1713 459 1789 viae
488 1713 647 1805 ferreae,
684 1716 901 1788 extructam
921 1707 1037 1788 ¹infra
1074 1715 1257 1791 ambitum
1296 1743 1483 1796 novorum

127 1834 520 1940 propugnaculorum.
562 1833 633 1910 Sed
675 1834 847 1934 quaestio
888 1837 1080 1936 perempta
1121 1835 1201 1911 ‘luit
1242 1839 1496 1938 argumentis

128 1956 373 2060 apodicticis.

215 2073 477 2151 Nihilominus
516 2073 680 2173 triginta
721 2072 861 2175 elapsis
889 2073 1015 2164 33313,
1061 2074 1186 2149 331133
1214 2079 1327 2177 atque
1364 2077 1482 2153 131133

131 2197 285 2272 exarsit
314 2195 589 2271 controversia.
621 2192 812 2294 Siquidem
841 2217 940 2269 anno
981 2192 1187 2271 1887333
1229 2197 1336 2272 modo
1374 2223 1484 2300 paro-

128 2317 303 2394 311338.
335 2314 550 2406 Laurentii,
583 2313 713 2388 sedet
756 2312 979 2416 Capitulum
1009 2339 1094 2389 cum
1136 2316 1300 2417 parocho
1341 2317 1484 2394 Cathe-

127 2438 255 2516 dralis
284 2445 324 2513 et
353 2435 593 2538 praepositus
632 2433 671 2511 8.
704 2433 916 2510 Alexandri
957 2435 1001 2510 ab
1039 2434 1227 2538 Episcopo
1269 2436 1477 2538 petierunt,

130 2569 175 2636 ut
205 2559 470 2636 declararetur
499 2557 688 2660 pertinere
716 2555 762 2630 ad
791 2558 953 2633 urbanas
982 2556 1173 2660 paroecias
1204 2557 1285 2635 loca
1317 2560 1378 2636 ubi
1407 2561 1483 2636 eri-

128 2683 325 2786 gebantur
353 2679 502 2779 antiqui
531 2678 631 2754 muri
659 2675 705 2752 ad
734 2677 927 2752 meridiem
957 2678 1198 2754 civitatis...
1221 2683 1260 2754 31
1278 2684 1482 2759 externum

130 2803 301 2880 limitem
331 2801 402 2876 loci
432 2799 614 2903 praedicti
643 2823 724 2874 3333
752 2798 891 2874 saltem
919 2799 1127 2900 provehere
1155 2825 1271 2900 usque
1300 2801 1346 2878 ad
1375 2828 1484 2905 prae-

125 2923 262 2999 sentia
291 2921 591 3024 propugnacula.
623 2919 767 3006 Quibus
798 2917 888 2994 'cum
932 2919 1118 3021 parochus
1151 2919 1190 2996 8.
1223 2920 1375 2998 1333313
1416 2946 1483 3026 op·

130 3042 340 3144 posuisset,
371 3040 555 3118 declarari
593 3040 812 3143 exposcitur
840 3040 916 3115 iam
944 3041 1173 3142 pertinuisse
1201 3045 1240 3118 et
1268 3067 1368 3120 nunc
1397 3068 1483 3147 per·
1547 3096 1549 3102 -

128 3163 257 3238 tinere
286 3161 330 3237 ad
362 3161 571 3264 paroecialc
598 3159 817 3236 districtum
838 3157 878 3236 S.
910 3159 1063 3236 loannis
1090 3160 1350 3261 evangelistae
1369 3162 1483 3239 terri-

128 3286 279 3358 torium
307 3282 495 3384 originem
524 3282 665 3357 habens
693 3305 715 3354 a
745 3281 865 3357 muris
894 3281 1058 3354 ambitus
1079 3279 1276 3357 circularis
1305 3283 1480 3358 civitatis

129 3401 238 3478 infra
259 3401 408 3478 tlumen
437 3403 631 3476 'lanarum
660 3404 700 3475 31
730 3405 879 3502 portam
909 3399 1161 3501 Maranga...
1194 3403 1390 3502 praeterea
1416 3401 1481 3477 de-

131 3522 279 3598 clarari
306 3523 497 3626 pertinere
526 3521 572 3596 ad
614 3522 827 3624 paroeciam
869 3519 909 3598 S.
943 3521 1095 3597 loannis
1137 3521 1252 3596 etiam
1290 3523 1480 3598 moenium

129 3643 273 3721 sedem.
303 3644 363 3720 Re
392 3666 482 3719 vero
510 3665 637 3718 coram
665 3641 821 3719 Vicurio
851 3642 1019 3744 generali
1048 3641 1232 3734 discussa,
1250 3641 1311 3718 die
1330 3643 1357 3718 4
1376 3643 1483 3718 Mar-

130 3765 178 3840 tii
214 3763 332 3855 18911,
364 3764 556 3840 333133113
585 3761 725 3865 prodiit
753 3763 847 3839 haec
874 3762 1103 3840 decernens:
1140 3761 1193 3838 10.
1217 3763 1483 3867 Reiectosup-

131 3883 227 3986 plici
257 3882 383 3960 libello
411 3887 598 3960 actorum.
644 3881 702 3958 2⁰.
735 3882 974 3958 Pertinuisse
1003 3886 1042 3958 31
1084 3883 1290 3985 pertinere,
1330 3883 1479 3960 ratione

130 4003 438 4094 1333311313133,
471 4003 517 4078 ad
546 4003 756 4104 paroeciam
786 4001 825 4079 8.
854 4001 1007 4078 1333313
1025 3996 1301 4104 evangelistae,
1325 4004 1480 4080 territo-

131 4124 235 4200 rium
265 4130 446 4200 cunctum
475 4125 572 4225 quod
600 4122 691 4198 olim
720 4124 907 4226 pertinuit
935 4125 981 4199 ad
1012 4124 1224 4201 Ecclesiam
1242 4124 1479 4226 collegialem

130 4258 171 4318 ct
201 4243 453 4346 paroecialem
483 4245 522 4322 S.
554 4245 701 4323 Mariae
729 4243 775 4320 ad
804 4245 948 4340 nivem,
980 4249 1019 4320 et
1048 4245 1087 4322 S.
1120 4246 1318 4322 Laurentii
1347 4251 1475 4323 etc...

132 4361 252 4438 sicuti
281 4361 487 4440 habebatur
515 4367 698 4468 tempore,
729 4390 802 4467 quo
830 4370 1049 4442 emanatum
1077 4366 1152 4442 fuit
1179 4367 1373 4442 decretum
1404 4367 1479 4443 diei

139 4483 188 4558 12
221 4481 417 4560 Februarii
449 4483 568 4562 1825.
619 4485 675 4562 3⁰.
707 4487 922 4562 Parochum
960 4487 1000 4564 8.
1029 4487 1182 4564 1333313
1218 4487 1480 4590 evangelistae

135 4627 247 4726 posse
275 4627 450 4683 exercere
479 4605 780 4684 iurisdictionem
807 4608 1057 4710 paroecialem
1085 4634 1199 4713 supra
1239 4609 1481 4687 territorium
