3672 5216
515 297 712 372 ¹imrururun.
736 299 774 344 nr
797 299 929 346 cnrrrrs
948 299 1101 346 uarrmru
1300 309 1305 336 ι
1427 283 1485 346 117

139 399 352 476 Dioecesim
373 403 646 476 nannetensem
666 399 847 504 pertinet,
869 400 992 502 ibique
1007 401 1218 505 Episcopus
1239 401 1487 477 nannetensis

144 519 405 598 iurisdictione
433 521 626 596 ordinaria
644 521 824 622 primario
853 521 969 624 pollet
994 529 1019 600 i,
1044 522 1175 598 scribit
1204 521 1243 598 S.
1267 510 1515 623 Congrega?

140 639 239 716 tioni
268 639 366 716 idem
397 641 644 718 nannetensis
674 643 864 734 Antistes,
896 667 940 718 ac
968 642 1123 744 proinde
1152 641 1302 719 nullum
1330 639 1485 744 privile-

146 761 250 861 gium
289 761 385 862 quod
420 761 635 838 ordinariae
673 761 931 838 iurisdictioni
961 762 1116 864 deroget
1152 762 1304 839 admitti
1343 767 1483 865 potest.

144 881 259 958 Hisce
286 887 415 958 autem
442 881 595 985 positis·
615 888 654 959 et
672 883 933 960 controversia
960 883 1005 959 de
1034 884 1309 986 subscriptione
1338 883 1490 960 littera·
1571 861 1577 878 „

143 1025 229 1076 rum
259 1002 778 1104 testimonialium.absoluta
795 989 1020 1080 rideretur.
1059 1003 1246 1106 Equidem
1275 1028 1361 1079 curn
1390 1028 1488 1079 unus

148 1123 394 1198 nannetensis
432 1122 593 1200 Praesul
621 1147 747 1200 sacras
784 1122 1041 1198 ordinationes
1079 1122 1142 1198 vel
1170 1147 1304 1226 perse
1332 1122 1395 1198 uel
1424 1147 1491 1225 per

141 1241 265 1319 aliurn
284 1243 325 1318 in
344 1267 412 1320 suo
442 1245 635 1321 territorio
663 1268 842 1347 peragere
870 1243 1014 1338 valeat,
1047 1244 1218 1346 sequitur
1242 1249 1282 1320 et
1309 1243 1383 1345 ipsi
1403 1246 1492 1320 tan·
1601 1331 1603 1336 ,

144 1365 231 1438 tum
259 1369 469 1466 competere
497 1364 647 1440 habitae
675 1357 929 1440 ordinationis
958 1365 1180 1441 testimonia
1207 1383 1379 1440 exarare.

228 1481 395 1560 Tandem
425 1483 544 1561 relate
573 1485 619 1559 ad
649 1484 829 1562 ultimum
865 1487 1098 1587 quaestionis
1132 1492 1317 1589 punctum
1345 1467 1497 1588 scilicet

144 1601 257 1678 cuius
272 1603 437 1690 ‚nomine
457 1604 533 1706 legi
553 1603 685 1682 debeat
713 1605 960 1683 interdictum
980 1611 1069 1684 ante
1088 1607 1382 1701 ordinationem,
1404 1631 1491 1683 cum

149 1749 197 1797 aa
226 1731 339 1826 cupit
369 1733 476 1801 accit
502 1731 541 1802 et
571 1728 596 1816 l.
621 1753 754 1802 carries·
771 1727 800 1807 2
818 1731 866 1828 ff.
899 1730 944 1803 de
967 1732 1038 1830 off.
1062 1756 1248 1832 procons.
1284 1733 1398 1806 extra
1416 1735 1497 1805 ter·

147 1843 327 1919 ritorium
356 1847 497 1922 nemini
526 1847 658 1924 datum
678 1848 729 1924 sit
757 1847 1058 1926 iurisdictionem
1087 1851 1365 1926 contentiosam
1383 1849 1494 1926 exer-

144 1987 248 2058 cere,
280 1989 326 2039 ne
354 1965 468 2042 iudici
497 1967 689 2044 ordinario
706 1967 812 2044 illius
833 1969 904 2046 loci
933 1969 1114 2046 iniuriam
1132 1969 1289 2064 inferat,
1314 1970 1492 2073 Episcopi

149 2086 398 2160 nannetensis
431 2088 583 2164 nomine
612 2088 687 2190 legi
725 2088 923 2165 dicendum
951 2094 1065 2165 esset.
1107 2090 1235 2190 Neque
1263 2089 1369 2165 valet
1396 2087 1494 2189 quod

143 2204 278 2282 clerici
306 2207 446 2284 subditi
475 2209 555 2285 sint
583 2208 760 2312 Episcopi
780 2208 1008 2301 ordinantis,
1031 2234 1119 2284 nam
1150 2209 1505 2286 ferenscensuram'

145 2323 260 2401 debet
286 2349 368 2400 esse
395 2327 500 2404 intra
527 2329 722 2431 proprium
750 2328 1002 2422 territorium,
1034 2354 1122 2405 narn
1150 2332 1261 2404 extra
1289 2327 1384 2404 illud
1412 2327 1495 2403 exi·
1552 2419 1556 2428 Ι

110 2465 113 2472 ’
146 2449 272 2539 stens,
303 2449 420 2523 etiam
449 2448 518 2525 sibi
546 2448 641 2524 alias
670 2449 876 2541 subditum,
895 2452 1055 2534 censura
1083 2448 1183 2524 baud
1213 2448 1332 2549 ligare
1352 2449 1490 2550 potest.

151 2563 212 2640 lta
240 2563 364 2642 Abbas
393 2574 433 2641 in.
463 2595 549 2671 cup.
582 2575 688 2643 rroeit
716 2568 740 2640 7
770 2595 884 2646 aian.
915 2568 943 2644 3
972 2570 1017 2644 de
1045 2571 1115 2669 off.
1149 2569 1221 2670 lep.
1254 2567 1491 2668 Sohmalzgr.

150 2685 261 2760 Pars
290 2685 362 2762 JV.
396 2700 423 2762 t.
455 2687 508 2763 39
538 2715 580 2762 n.
610 2687 666 2768 24
694 2701 762 2764 etc.
864 2725 867 2734 ·

233 2805 304 2880 His
319 2806 452 2908 -quoad
472 2809 682 2910 propositas
702 2807 939 2909 quaestiones
959 2809 1181 2884 summatim
1200 2807 1389 2900 delibatis,
1409 2830 1496 2908 pro-

150 2927 278 3030 posita
307 2927 464 3004 fuerunt
491 2928 669 3004 diluenda

674 3227 678 3232 -
756 3181 909 3250 Dubia

235 3401 267 3478 Ι.
299 3404 363 3477 Aa
384 3413 531 3508 proris
559 3408 681 3507 usqne
709 3407 837 3481 arlbuc
865 3418 1018 3482 serrato
1048 3406 1359 3480 inordinatione
1388 3403 1502 3480 cleri·
1572 3500 1577 3515 ι

152 3551 293 3602 corum
332 3526 550 3604 Serni'norie'
578 3527 766 3603 Hcitiuni
800 3535 905 3602 intra
942 3527 1081 3602 limites
1116 3525 1306 3602 Dioceesis·
1342 3550 1497 3598 rienne-

42 3655 55 3676 “
151 3653 273 3722 torosis·
301 3654 512 3732 eris-tentis,
543 3657 704 3724 retineri
722 3654 848 3750 possit
877 3654 913 3721 in
946 3673 1055 3722 cosei.

290 3767 343 3845 Et
372 3774 558 3870 quatenus
589 3771 784 3872 negative.

237 3888 289 3966 ΙΙ.
320 3887 385 3962 Aa
415 3900 570 3965 corinun
599 3889 785 3993 Episcopi
812 3894 1065 3962 221o2222,erensr·.s=
1092 3894 1141 3963 sil
1169 3889 1436 3962 ordinationes
1456 3890 1498 3957 in

148 4009 339 4112 praefato
368 4007 590 4084 Seniirorio
617 4035 815 4112 percipere,
851 4009 1130 4084 dimissoriales
1159 4009 1305 4084 litteras·
1328 4005 1500 4081 Ordina-

160 4137 228 4206 riis
256 4131 516 4208 cleriricorum
548 4137 726 4233 recipere.
755 4130 862 4225 ferre
891 4128 1139 4204 interdictum
1166 4140 1256 4204 anie
1284 4127 1502 4202 ordinatio-

158 4277 247 4326 nem
277 4262 312 4324 et
339 4249 572 4325 collatorum
601 4250 786 4326 cratinum
817 4253 1035 4324 testimonio
1063 4250 1299 4324 subscribere
1318 4254 1356 4322 in
1381 4271 1490 4320 cusu.
1582 4297 1591 4318 .

134 4415 142 4422 -
239 4371 478 4448 Rasonurro.
510 4370 625 4448 Sacra
654 4369 696 4448 Ο.
727 4368 890 4447 Concilii
919 4393 958 4444 re
986 4367 1154 4444 discussa
1174 4369 1240 4445 sub
1268 4367 1327 4444 die
1361 4366 1408 4442 13
1438 4364 1502 4439 Iu-

162 4491 205 4566 ]ii
236 4491 340 4568 1893
368 4491 516 4567 censuit
545 4491 787 4594 respondere:
821 4490 879 4566 Ad
909 4490 940 4565 1.
967 4489 1260 4566 Consulendmn
1281 4489 1405 4564 atino
1422 4513 1499 4589 pro

162 4613 458 4714 confirmatione
490 4607 648 4714 piaris,
697 4617 751 4686 ita
791 4623 921 4686 tornea
956 4621 997 4685 ut
1037 4611 1254 4686 ordinandi
1284 4611 1336 4684 ud
1375 4609 1502 4683 eiiam
