3674 5264
647 331 689 376 cx
711 331 737 375 s.
762 330 792 376 c.
818 330 940 376 nrruuu
1424 315 1463 376 55

490 466 611 526 atton
630 465 870 526 euatsrorttout
889 468 929 524 ot
948 465 1083 525 attunt

295 581 299 588 ·
324 553 437 610 [tullum
456 553 545 622 quoad
564 551 754 610 celandartun
774 553 903 610 utendum
922 567 940 608 a
957 553 1090 620 pamella
1109 551 1262 622 attaldus.

207 679 332 746 limus
356 679 397 746 D.
422 679 646 767 Emmanuel
671 679 880 749 Santander
910 680 1053 765 Frutos,
1079 679 1288 767 Episcopus
1312 679 1348 748 S.
1366 679 1463 747 Chri*

116 783 286 874 stophori
310 783 357 854 de
381 785 538 854 Havaua
562 785 699 856 Sacrae
723 785 876 872 Rituum
894 785 1178 876 Congregationi
1202 805 1367 874 sequens
1390 787 1462 854 Du-

117 889 221 959 bium
247 911 318 980 pro
342 896 554 980 opportuna
588 891 771 962 solutione
806 891 1014 962 humillime
1047 891 1225 977 subiecit,
1265 893 1460 962 nimirum:

119 998 314 1068 «Ordines
338 999 522 1088 Religiosi,
547 999 662 1088 vulgo
686 999 1001 1088 Congregationes
1018 1000 1232 1087 nuncupati,
1250 1000 1314 1087 qui
1341 1018 1464 1068 remu-

117 1107 350 1176 nerationem
376 1127 398 1176 a
422 1107 611 1176 Gubernio
636 1107 730 1176 civili
755 1107 940 1195 accipiunt
964 1111 1003 1177 ut
1025 1109 1265 1177 Dioecesanis
1288 1107 1477 1201 Ecclesiis‘

116 1213 331 1298 inserviant,
356 1214 541 1284 debentne
565 1231 651 1298 sese
675 1211 913 1282 conformare
937 1213 1155 1283 Calendario
1172 1215 1401 1284 Dioecesano
1425 1215 1463 1284 in

117 1321 248 1390 Officio
268 1321 520 1408 persolvendo
544 1321 737 1410 Sacroque
753 1322 1025 1410 peragendol»
1052 1323 1167 1392 Sacra
1183 1327 1309 1392 autem
1328 1323 1463 1394 eadem

117 1432 375 1520 congregatio
400 1429 449 1500 ad
473 1430 696 1499 relationem·
715 1428 936 1518 infrascripti
952 1431 1156 1517 Secretarii,
1174 1431 1358 1520 exquisito
1373 1438 1465 1502 voto'

116 1537 270 1608 alterius
294 1557 344 1607 ex
366 1535 667 1625 Apostolicarum
693 1538 1025 1608 Coeremoniarum
1041 1539 1298 1628 Magistris,.re
1314 1543 1462 1609 mature

115 1663 315 1732 perpensa,
341 1645 389 1715 ita
412 1645 603 1733 proposito
627 1645 747 1714 Dubio
777 1645 1061 1716 rescribendum
1085 1646 1249 1734 censuit,
1276 1645 1460 1716 videlicet:

117 1752 153 1820 Si
178 1752 357 1840 Religiosi
382 1751 571 1842 gaudeant
594 1753 745 1839 proprio
776 1751 995 1822 Calendario
1025 1754 1223 1842 Negative;
1248 1771 1377 1839 secus,
1402 1750 1462 1820 Af-

116 1857 314 1930 flrmative.
338 1863 460 1948 Atque
484 1861 531 1930 ita
556 1858 744 1945 rescripsit
767 1864 802 1928 et
824 1859 1027 1929 declaravit
1049 1860 1108 1930 die
1130 1863 1175 1935 23
1199 1861 1292 1929 lunii
1317 1863 1416 1930 1893.

407 2055 444 2125 C.
468 2055 1010 2126 Canu-ALOlSl-MASELLA
1035 2057 1071 2126 S.
1098 2059 1140 2125 R.
1165 2056 1202 2124 C.
1227 2054 1461 2144 Praefectus.
1535 2045 1536 2050 ’
1620 2115 1628 2144 ,

186 2169 222 2240 ὦ
524 2307 529 2314 .
652 2254 880 2321 Vrucuurrus
902 2253 1011 2320 Nussr
1038 2251 1281 2321 secretarius.

605 2428 981 2452 mmm

261 2535 642 2605 statunatunaturaquae
663 2537 877 2596 communionem
897 2535 1062 2594 flouleltluu
1081 2535 1312 2592 distribuendam.

206 2673 326 2740 Erirus
343 2675 378 2740 et
394 2674 519 2740 Rmus
542 2673 648 2740 Dnus
664 2671 869 2742 Cardinalis
891 2671 1082 2741 Hamilcar
1105 2668 1290 2758 Malagola
1313 2669 1463 2740 Archia·

113 2779 296 2866 piscopus
319 2779 518 2848 Firmanus
542 2779 746 2866 insequens
769 2779 933 2847 Dubium
959 2797 1027 2866 pro
1059 2781 1271 2866 opportuna
1295 2777 1458 2847 declara-

114 2887 214 2956 tione
238 2885 377 2955 Soc-rae
403 2886 557 2955 Rituum
582 2886 864 2974 Cengregationi
888 2885 1093 2974 proposuit,
1118 2885 1318 2954 nimirum:

205 2997 264 3064 Ex
288 2996 444 3064 Decreto
469 2992 627 3064 Linaton.
652 2993 723 3064 diei
746 2997 768 3062 t
791 2994 884 3062 lunii
910 2997 996 3064 1892
1013 2994 1061 3064 ad
1078 2991 1168 3060 XIV
1192 2991 1249 3078 (1),
1274 2991 1460 3062 Sacerdos

112 3121 184 3190 pro
209 3101 464 3178 distribuenda
489 3101 763 3172 Communione
786 3101 1012 3172 Monialibus
1036 3101 1162 3188 debet,
1187 3099 1218 3169 si
1243 3099 1383 3168 chorus
1407 3117 1460 3166 re·

112 3215 172 3277 tro
197 3214 282 3295 post
304 3209 419 3278 altare
443 3207 635 3294 habeatur,
661 3211 745 3295 post
760 3209 955 3278 recitatum
980 3227 1001 3276 a
1027 3209 1197 3276 ministro
1215 3205 1274 3274 vel
1297 3205 1346 3274 ab
1370 3204 1460 3292 ipsis

111 3314 342 3384 Monialibus
372 3313 559 3402 Coqfiteor
582 3316 773 3402 deponere
798 3316 978 3402 pyxidem
1002 3314 1050 3384 ad
1066 3312 1318 3382 fenestrellam
1342 3312 1457 3400 chori,

113 3427 151 3492 et
173 3422 224 3490 ibi
246 3423 295 3490 ad
319 3420 502 3491 Moniales
517 3439 727 3490 conversus
744 3421 867 3490 dicere
884 3419 1114 3500 lffsereqtur
1130 3425 1195 3490 etc.
1214 3420 1306 3488 Eece
1329 3419 1460 3508 Aqnus

113 3527 187 3598 Dei
209 3537 277 3598 etc.
301 3529 446 3596 Verum
471 3528 694 3598 Communio
719 3527 970 3622 administrari
986 3533 1107 3614 potest
1129 3527 1364 3614 Monialibus‚
1381 3532 1458 3596 tam

113 3641 223 3706 extra
248 3653 365 3723 quam
388 3636 482 3704 intra
506 3636 674 3722 Missam,
700 3641 736 3705 et
757 3637 986 3724 quandoque
1019 3634 1171 3720 accidit,
1197 3638 1237 3703 ut
1260 3633 1372 3702 simul
1395 3636 1459 3700 mi·

113 3743 264 3811 nistrari
286 3759 439 3829 quoque
464 3741 598 3812 debeat
621 3743 836 3812 inservienti
859 3743 1014 3829 Missae,
1048 3742 1106 3811 vel
1137 3741 1248 3811 etiam
1272 3740 1457 3810 fidelibus.

112 3849 313 3918 Praeterea
337 3833 377 3916 in
399 3845 674 3918 Communione
699 3853 808 3918 extra
842 3849 1025 3934 Missam,
1060 3867 1137 3916 non
1162 3847 1287 3916 solum
1312 3847 1459 3934 aliquae

114 3956 371 4043 praescriptae
394 3959 482 4023 sunt
498 3973 629 4041 preces
646 3956 681 4024 in
700 3955 836 4025 Rituali
853 3957 1026 4025 Romano
1042 3961 1128 4024 ante
1145 3953 1459 4023 Communionem

114 4063 307 4149 dicendae,
331 4063 399 4134 sed
423 4063 626 4134 nonnullae
650 4083 818 4152 quoque,
843 4069 1046 4152 postquam
1077 4063 1309 4133 Eucharistia
1341 4062 1458 4132 admi-

113 4173 268 4241 nistrata
285 4169 401 4257 iurarit,
419 4171 629 4242 recitandae
639 4191 647 4258 ;
665 4175 701 4241 et
716 4170 882 4259 denique
895 4174 975 4257 ipsa
993 4171 1198 4241 benedictio
1214 4170 1338 4239 danda
1356 4187 1463 4255 prae·

113 4279 288 4347 scribitur
311 4283 396 4365 post
418 4279 715 4349 administratam
733 4280 1059 4349 Communionem.
1081 4278 1174 4348 Cum
1192 4282 1319 4348 autem
1335 4297 1384 4347 ex
1401 4295 1459 4346 eo·

114 4383 203 4455 dem
228 4387 384 4454 Decreto
410 4386 600 4454 nonsatis
624 4391 778 4471 constet,
805 4391 931 4455 utrum
956 4387 1050 4456 lraec
1075 4387 1201 4454 omnia
1226 4385 1261 4454 iu
1279 4402 1457 4472 quacum·

118 4509 192 4578 que
205 4490 424 4560 Monialium
441 4489 714 4561 Communioue
730 4494 858 4581 peragi
874 4511 1025 4580 semper
1042 4493 1090 4562 ad
1107 4492 1211 4561 chori
1227 4491 1457 4561 fenestellam

192 4642 227 4701 (1)
244 4639 332 4687 Adest
348 4637 484 4688 decretum
501 4641 550 4690 hoo
569 4642 628 4688 Vol.
641 4643 723 4700 XXV,
741 4643 779 4688 58,
