3694 5230
369 301 430 364 ἥδ
467 357 472 374 ¹·
816 325 817 330 ’
932 318 1142 364 ΟΑΗΕΒΛΟΕΝ.

369 423 498 525 linque
526 437 587 498 me
615 422 787 524 inpace,
818 425 857 497 et
885 429 928 498 tu
957 421 1075 498 facias
1105 421 1202 524 quod
1231 421 1300 498 tibi
1328 395 1494 498 libuerit.
1541 421 1715 524 Spatium

369 545 483 622 unius
511 543 652 620 mensis
686 567 760 620 non
790 541 945 620 sufficit.
997 542 1037 620 Si
1070 542 1172 619 enim
1211 565 1278 646 pro
1311 543 1396 619 viro
1432 545 1623 620 statutum
1656 549 1717 620 est
1829 555 1830 640 ᾖ

304 684 307 691 “
368 666 599 756 triennium,
634 663 755 742 multo
786 663 909 765 magis
938 662 1128 740 triennale
1159 663 1326 766 spatium
1354 663 1536 739 convenit
1563 663 1718 740 mul-ieri
1829 709 1830 736 2

367 786 573 888 assignari,
598 789 640 860 ut
668 784 852 862 dilatetur
878 784 1062 860 obstricta
1081 783 1238 885 vagina.
1271 783 1317 858 In
1336 783 1461 885 capite
1479 783 1582 860 enim
1605 783 1719 858 Lau-

369 909 536 984 dodtlcm
570 905 615 982 de
653 906 743 1006 frig.
779 909 818 981 et
851 905 980 983 malef.
1017 906 1270 1008 Requr‘sr'ozlstz'
1304 903 1481 1011 (legitur)
1519 917 1717 1008 quarelam

370 1034 555 1130 temporis
583 1027 872 1128 amr-ulpereras
900 1033 952 1102 sr't
978 1027 1218 1102 lautumiae·
1244 1026 1406 1129 frigidis
1436 1026 1488 1100 od
1515 1034 1720 1128 experien-

371 1155 468 1223 tiam
497 1147 658 1248 copulae
686 1146 932 1248 corruperis?
973 1146 1059 1222 Nos
1079 1174 1174 1244 rere
1202 1155 1407 1252 praesenti
1431 1149 1719 1224 consultatione

370 1274 583 1346 sortiturus,
616 1275 658 1342 ut
686 1291 709 1341 a
737 1270 905 1368 tempore
933 1266 1112 1344 celebrati
1143 1268 1407 1374 matrimonii,
1449 1269 1482 1344 si
1519 1267 1719 1370 frigiditas

371 1387 476 1490 prius
505 1385 651 1488 probari
672 1411 756 1463 wnou
777 1387 898 1489 possit
925 1387 1144 1464 cohabitent
1164 1413 1230 1492 per
1248 1388 1473 1465 triennium.
1505 1388 1577 1467 Sed
1596 1387 1722 1465 Orfila

372 1509 414 1586 in
436 1531 503 1582 suo
522 1531 633 1610 opere
662 1505 825 1582 chr'orrr'
842 1508 886 1582 dz'
901 1509 1094 1584 riredz'cr'ua
1117 1509 1239 1612 legale
1258 1509 1491 1585 traductores
1510 1509 1572 1584 dcl
1590 1510 1721 1586 dottor

370 1627 496 1704 Proto
517 1652 617 1730 pop.
639 1625 696 1698 80
723 1625 797 1701 ait:
829 1625 926 1726 quod
954 1651 1183 1728 organorum
1214 1627 1443 1730 genitalium
1472 1632 1513 1704 et
1540 1627 1720 1730 hymenis

369 1745 514 1822 duritia
540 1749 580 1821 et
608 1745 785 1848 rigiditas
813 1770 890 1822 non
918 1749 1011 1822 suut
1038 1755 1173 1822 causae
1196 1747 1459 1850 impotentiae,
1491 1747 1580 1848 quia
1607 1771 1721 1850 supe-

371 1869 450 1942 rari
471 1874 629 1968 possunt
647 1890 713 1968 per
733 1865 970 1942 incisionem.
1003 1866 1092 1943 Sine
1114 1867 1361 1945 incisionibus
1389 1866 1509 1944 refert
1526 1866 1721 1968 d’Aquino

370 1985 589 2068 incivitate
609 1986 856 2079 Laousliberi‚
879 1988 1097 2088 prouinciae
1117 1987 1324 2082 Lucaniae,
1342 1987 1494 2081 mulier,
1513 2011 1607 2088 quae
1627 1989 1721 2064 stri-

374 2105 589 2183 ctissimum
608 2109 776 2182 meatum
795 2105 968 2201 habebat,
1000 2109 1186 2210 concepit,
1218 2116 1258 2186 et
1277 2110 1318 2186 in
1337 2113 1451 2211 partu
1478 2106 1640 2186 dilatata
1659 2115 1721 2186 est

372 2228 529 2328 vagina.
565 2255 583 2298 c
606 2225 677 2304 Sed
705 2251 773 2302 nec
801 2251 928 2303 massa
956 2228 1092 2304 carnis·
1110 2229 1264 2329 probat3
1296 2229 1386 2332 quia
1412 2253 1494 2306 esse
1514 2234 1641 2332 potest
1660 2256 1721 2308 re-

372 2348 517 2424 laxatio
545 2348 708 2449 vaginae
736 2351 776 2422 et
812 2349 913 2423 uteri
941 2348 1045 2424 inter
1080 2353 1214 2440 crura,
1256 2351 1317 2425 cui
1351 2348 1579 2426 relaxationi
1606 2343 1721 2427 'adest

371 2468 578 2544 remedium
606 2469 757 2544 inerte
786 2467 1021 2571 chirurgica,
1053 2493 1147 2570 quae
1176 2468 1280 2546 fallit
1309 2469 1505 2564 maritum,
1528 2471 1637 2571 quasi
1667 2471 1720 2546 sit

371 2588 455 2690 ipsa
490 2588 650 2690 duplicis
689 2613 817 2663 sexus.
858 2589 1032 2666 Mulieris
1070 2593 1178 2667 arcta
1205 2590 1348 2692 vagina
1379 2615 1446 2693 per
1478 2590 1717 2692 frequentem

372 2730 482 2781 usum
510 2706 677 2806 coniugii
705 2705 877 2783 redditur
904 2710 1007 2810 apta.
1034 2708 1151 2786 ‘Usus
1179 2733 1246 2811 per
1274 2709 1438 2810 quinque
1466 2710 1716 2788 hebdomadas

371 2849 448 2902 non
476 2825 617 2902 sufficit
645 2826 691 2902 ad
718 2827 940 2928 coniugium
968 2828 1180 2930 perlectum
1209 2829 1434 2928 habendum.

450 2943 522 3021 Sed
551 2971 690 3048 sponsa
717 2947 891 3024 confessa
909 2951 969 3024 est
988 2973 1077 3025 suae
1105 2950 1355 3050 impotentiae
1383 2945 1715 3086 impedimentgm,

371 3091 485 3168 quare
514 3091 589 3144 non
618 3067 817 3143 subiicitur
846 3069 1072 3171 inspectioni
1101 3070 1341 3146 obstetricis?
1385 3069 1469 3148 Non
1498 3073 1625 3172 potest
1660 3094 1721 3146 re-

373 3188 488 3263 tineri
517 3186 563 3263 ad
592 3187 793 3290 tegendam
822 3212 929 3264 suam
953 3190 1217 3292 impotentiam
1245 3190 1472 3294 inspectioni
1500 3214 1541 3265 se
1559 3214 1715 3292 negare,

342 3308 461 3410 ,quia
488 3309 564 3384 iam
592 3307 674 3411 ipsa
701 3333 784 3383 eam
812 3309 1092 3386 manifestavit.
1125 3311 1330 3388 Consensit
1358 3314 1403 3388 ut
1430 3310 1719 3388 matrimonium

372 3428 577 3504 deliniatur
605 3428 769 3504 nullum.
801 3428 1028 3507 Huiusmodi
1056 3431 1155 3506 ratio
1175 3432 1313 3532 agendi
1340 3432 1494 3536 praebet
1513 3455 1720 3534 argumen-

373 3553 456 3626 tum
486 3550 702 3653 suspicandi
730 3550 826 3651 quod
856 3550 984 3652 aliqua
1012 3551 1215 3627 conventio
1244 3551 1504 3628 intercesserit
1530 3551 1634 3628 inter
1656 3575 1718 3626 eos

372 3670 603 3746 dissolvendi
632 3671 917 3746 matrimonium
948 3674 1101 3773 propter
1130 3695 1263 3748 causas
1292 3672 1346 3748 eis
1370 3676 1495 3748 notas.
1528 3671 1719 3774 Inspectio

371 3789 474 3864 enim
512 3788 703 3864 revelaret
731 3789 1096 3866 consummationem
1127 3789 1376 3867 matrimonii.
1421 3789 1481 3866 Ad
1515 3789 1720 3892 tegendam

373 3909 637 4012 impotentiam
656 3935 765 3986 suam
794 3933 869 3986 non
889 3908 1012 3986 solum
1032 3909 1261 4011 inspectioni
1281 3911 1467 4014 corporali
1492 3911 1623 3988 cedere
1642 3937 1718 3989 non

373 4030 540 4123 debebat,
573 4029 637 4106 sed
665 4029 782 4106 etiam
812 4030 954 4134 scripto
984 4053 1123 4130 negare
1142 4031 1353 4130 oportebat.
1387 4030 1458 4106 Sed
1477 4031 1562 4132 ipsa
1588 4032 1632 4109 in
1650 4059 1720 4110 sua

372 4151 516 4253 scripta
561 4150 815 4227 declaratione
857 4149 1065 4225 affirmavit
1113 4148 1330 4226 huiusmodi
1372 4150 1713 4253 impedimentum;

373 4297 488 4374 quare
517 4295 642 4346 coram
670 4270 790 4346 iudice
819 4270 969 4346 adstare
997 4271 1221 4346 recusavit?
1269 4269 1461 4373 Suspicari
1492 4272 1598 4349 nobis
1628 4272 1718 4350 licet

371 4391 417 4467 de
445 4392 514 4468 hoc
543 4416 646 4485 casu,
678 4416 763 4467 cum
782 4391 823 4466 iu
843 4390 984 4466 nostris
1006 4390 1237 4492 temporibus
1267 4394 1348 4467 tam
1368 4393 1628 4469 contemnitur
1647 4393 1718 4470 hoc

373 4537 554 4614 magnum
583 4514 865 4587 sacramentum
893 4514 932 4586 et
960 4509 1185 4612 praesertim
1213 4511 1254 4587 in
1282 4511 1423 4590 Gallia.

454 4632 524 4710 Sed
544 4632 771 4736 inspectioni
800 4630 931 4707 forsan
951 4654 1025 4707 non
1046 4629 1207 4707 indulsit
1226 4637 1381 4735 propter
1399 4633 1715 4711 erubescentiam.
