3674 5262
331 334 382 396 28
988 351 1123 396 nonnus

337 463 394 526 ter
421 477 492 527 reos
520 451 578 526 De
605 453 707 526 eorl).
738 457 877 553 alpais.
908 459 985 528 etc.
1012 483 1030 524 »
1069 455 1177 541 Quod
1197 453 1230 528 si
1250 453 1389 554 aliquis
1418 457 1551 529 auctor
1571 451 1686 528 aliter

336 573 467 649 tenere
495 571 686 664 videatur,
719 572 879 649 adnotat
907 573 1007 650 idem
1036 574 1203 652 Barbosa
1230 574 1268 650 id
1295 573 1496 677 procedere
1525 572 1570 649 de
1597 595 1690 649 con-

330 692 539 768 suetudine
573 691 635 768 vel
672 691 876 794 privilegio
917 695 1143 796 praesertim
1185 693 1424 797 regularibus
1466 691 1688 793 quibusdam

330 836 530 888 concesso.

417 933 524 1022 Quod
553 959 644 1011 vero
671 936 815 1011 attinet
833 936 1117 1012 observantiam
1145 937 1187 1013 in
1215 935 1319 1015 Urbe
1348 936 1546 1035 vigentem
1565 932 1686 1008 relate

332 1052 383 1128 ad
412 1059 698 1130 controversam
726 1056 1050 1158 computationem
1080 1057 1307 1134 documenta
1334 1057 1375 1134 in
1403 1055 1501 1131 actis
1530 1051 1688 1128 minime

337 1178 527 1275 prostant.
561 1174 710 1252 Asserit
739 1180 868 1252 lamen
896 1177 1083 1278 parochus
1112 1181 1166 1265 S.¹
1183 1177 1329 1254 Mariae
1357 1177 1397 1252 in
1419 1175 1563 1276 Aquiro
1591 1173 1691 1274 peti-

331 1293 436 1371 tioni
464 1319 555 1370 suae
584 1295 696 1370 robur
722 1295 899 1372 accedere
927 1295 1010 1397 iugi
1038 1297 1151 1400 praxi
1179 1301 1406 1374 cunctarum
1430 1294 1691 1398 paroeciarum

337 1412 485 1489 Romae
513 1437 581 1517 pro
608 1414 756 1490 casibus
799 1415 1081 1508 consimilibus3
1113 1441 1158 1492 ac
1186 1417 1342 1520 insuper
1383 1419 1539 1491 enarrat
1580 1418 1691 1488 ante-

329 1559 449 1636 quam
477 1538 655 1612 ederetur
682 1538 873 1640 appendix
901 1541 1050 1614 statuto
1078 1537 1199 1632 Cleri,
1230 1543 1345 1614 enata
1373 1533 1565 1638 praesenti
1599 1556 1690 1607 con-

329 1660 455 1736 simili
483 1663 703 1762 quaestione
732 1662 836 1738 inter
864 1663 1044 1739 ecclesias
1073 1662 1113 1739 S.
1146 1662 1294 1740 Mariae
1323 1661 1364 1737 in
1393 1655 1684 1748 transtiberim,

330 1785 376 1854 et
403 1779 443 1854 S.
477 1779 623 1856 Mariae
643 1781 683 1858 in
713 1781 1052 1885 Transpontinam,
1084 1781 1203 1861 Curia
1246 1782 1467 1857 Vicariatus
1499 1773 1685 1872 decrevit,

336 1899 531 1978 Ecclesiae
559 1902 711 1978 titulari
739 1903 864 1980 deberi
883 1903 1082 1980 dimidium
1101 1903 1443 1978 emolumentorum
1463 1905 1544 1976 tum
1564 1918 1685 1988 cerae,

333 2023 420 2096 tum
449 2007 633 2098 culcitrae
662 2022 975 2100 indumentorum
1003 2048 1198 2100 sacrorum
1226 2027 1265 2098 et
1285 2021 1526 2123 sepulturae3
1559 2016 1687 2092 forsan

339 2143 386 2218 ab
406 2141 476 2218 hac
504 2143 692 2219 decisione
706 2143 895 2246 originem
923 2144 1036 2220 duxit
1064 2143 1287 2221 reformatio
1307 2137 1526 2245 appendicis
1546 2137 1689 2216 veteris

340 2263 499 2339 statuti.

417 2384 585 2460 Tandem
605 2385 725 2485 quoad
750 2385 976 2462 vocabulum
1000 2385 1364 2477 emolumentorum,
1386 2381 1452 2484 qui
1473 2381 1514 2456 in
1533 2380 1687 2456 contro-

333 2528 449 2580 verso
486 2504 651 2581 articulo
680 2507 892 2610 reperitur,
929 2511 968 2582 et
999 2507 1108 2583 cuius
1146 2506 1416 2608 interpretatio
1452 2499 1544 2578 aS.
1564 2493 1615 2578 Ὀ.
1639 2497 1685 2576 O.

333 2626 571 2727 postulatur,
593 2626 901 2704 animadversum
929 2627 1006 2703 fuit
1034 2627 1077 2704 in
1097 2626 1225 2702 eodem
1245 2626 1338 2704 cleri
1366 2621 1513 2701 romani
1541 2618 1689 2697 statuto

343 2745 440 2848 Cap.
462 2745 504 2833 V,
525 2749 621 2844 quod
642 2745 706 2820 Dc·
718 2745 1009 2822 devotamento
1025 2749 1222 2844 ferrearum
1241 2745 1463 2821 inscribitur
1487 2743 1579 2818 haec
1594 2739 1683 2840 legi:

340 2895 360 2937 ‹
391 2868 416 2966 ἓ
448 2865 484 2940 l.
521 2865 683 2942 Nomine
724 2867 1069 2944 emolumentorum
1102 2867 1248 2943 funeris
1282 2865 1446 2944 veniunt
1477 2862 1686 2939 oblationes

338 2987 403 3063 vel
430 2987 702 3080 obventiones,
734 3013 828 3088 quae
856 2987 956 3064 fiunt
993 2987 1188 3066 occasione
1221 2986 1367 3066 funeris
1396 2989 1510 3061 etc.»
1548 2983 1682 3084 quibus

339 3107 581 3208 generalibus
601 3107 740 3202 verbis,
759 3111 907 3208 atquae
929 3109 1110 3185 ecclesiae
1125 3109 1334 3184 obveniunt
1353 3107 1470 3183 titulo
1484 3103 1682 3196 culcitrae,

334 3227 647 3302 indumentorum
685 3251 879 3304 sacrorum
922 3235 962 3304 et
995 3228 1236 3331 sepulturae,
1278 3225 1544 3330 comprehendi
1581 3223 1688 3298 vide-

333 3349 487 3424 rentur.
519 3339 698 3427 Ulterius
728 3349 766 3424 in
786 3349 917 3444 eodem
937 3349 1062 3452 eapite
1090 3347 1250 3425 inferius
1272 3349 1529 3424 emolumenta
1557 3343 1691 3419 huius-

338 3466 438 3544 modi
475 3468 728 3546 enucleantur
755 3493 799 3546 ac
827 3469 868 3545 in
906 3469 997 3569 §23
1038 3475 1077 3544 et
1106 3469 1350 3570 sequentibus
1387 3489 1510 3543 sermo
1547 3468 1607 3541 est
1638 3463 1684 3538 de

332 3588 544 3664 intorticiis
560 3593 599 3664 et
619 3587 770 3682 faculis,
793 3614 889 3690 quae
919 3591 960 3665 in
990 3590 1230 3692 processione
1250 3589 1476 3666 deferuntur
1486 3586 1558 3670 vel
1586 3584 1690 3660 circa

337 3709 522 3786 feretrum
551 3709 614 3786 vel
642 3711 683 3787 in
711 3710 820 3786 domo
845 3709 1022 3786 defuncti
1051 3735 1118 3786 seu
1139 3711 1178 3786 in
1206 3710 1392 3786 altaribus
1420 3733 1579 3787 accensa
1608 3706 1688 3782 fue-

335 3837 453 3922 runt,
485 3835 599 3933 atque
628 3833 669 3908 in
707 3835 732 3932 ἓ
769 3833 816 3926 8,
865 3831 1070 3933 peculiaris
1113 3833 1257 3908 mentio
1295 3833 1340 3910 fit
1375 3833 1689 3909 indumentorum

334 3979 533 4032 sacrorum
560 3957 601 4032 in
631 3955 828 4034 funeribus
859 3954 1141 4050 Cardinalium,
1168 3957 1451 4052 Praelatorum,
1475 3952 1689 4035 Canonico-

336 4103 424 4155 rum
460 4078 697 4181 aliorumque
734 4107 829 4182 quae
868 4081 914 4156 ad
956 4080 1154 4156 ecclesiam
1191 4083 1404 4183 pertinent.
1447 4079 1689 4182 Quapropter

333 4199 635 4276 concludendum
663 4199 874 4294 videretur,
903 4200 1020 4276 etiam
1052 4201 1168 4276 iuxta
1198 4228 1351 4279 sensum
1380 4201 1513 4278 urbani
1540 4199 1688 4278 Statuti

336 4344 428 4397 voce
456 4321 800 4398 emolumentorum
829 4325 867 4396 et
895 4346 1053 4422 eaquae
1077 4327 1185 4399 actor
1209 4325 1308 4426 petit
1337 4325 1472 4401 saltem
1502 4321 1689 4425 implicite

345 4441 554 4542 designari.

424 4559 587 4662 Propius
602 4565 731 4636 autem
746 4561 792 4638 ad
807 4563 1041 4662 quaestionis
1063 4570 1262 4667 punctum,
1281 4567 1467 4669 parochus
1488 4565 1526 4642 S.
1541 4565 1688 4642 Mariae

335 4679 384 4755 in
405 4681 549 4780 Aquiro
568 4681 712 4783 allegat
732 4683 996 4760 testimonium
1020 4685 1175 4787 parochi
1201 4686 1381 4764 ecclcsiae
1401 4687 1468 4765 SS.
1486 4687 1686 4764 Vincentii
