3674 5264
346 241 388 304 68
910 251 1074 298 nrueunrx
1097 255 1118 298 r.

348 367 447 445 queat
470 357 648 444 praefatam
671 357 844 423 mulierem
869 356 902 420 in
928 355 982 420 tali
1007 375 1077 422 esse
1102 358 1268 442 proposito
1297 363 1393 442 atque
1418 357 1451 422 iu
1475 375 1514 421 eo
1536 375 1692 443 perseve-

349 478 490 530 raturam
515 484 599 546 esse,
619 463 720 552 (quod
738 463 870 550 quidem
889 461 1064 548 sapientiae
1081 482 1114 527 ac
1133 462 1326 548 prudentiae
1346 475 1418 528 tuae
1436 461 1691 530 discernendum
1756 540 1764 558 1

349 569 561 656 relinquitur)
587 580 664 636 tuno
690 567 836 650 optatum
855 569 883 634 ei
900 567 1097 654 baptismum
1123 569 1274 635 conferre
1298 571 1433 656 poteris,
1460 569 1512 635 cni
1536 581 1626 636 certe
1643 569 1693 634 ris

349 677 446 744 inerit
471 677 730 744 adfirmandum
755 675 1029 759 roborandunque
1052 674 1217 740 sincerum
1243 676 1342 761 ipsius
1367 687 1465 760 atque
1484 674 1597 740 efficax
1613 694 1694 760 pro·

348 785 501 870 positum.
525 783 706 850 Deficiente
730 794 839 848 antem
862 781 1027 868 praedicta
1052 801 1110 867 spe
1125 801 1169 848 sac
1193 782 1366 848 securitate
1398 781 1564 847 moraliter
1588 791 1693 862 certa,

349 903 419 958 tum
443 896 477 958 h.
503 896 538 958 Τ.
557 911 631 958 curn
656 891 772 957 codem
796 911 855 956 suo
879 889 1047 956 notissimo
1072 890 1144 954 zelo
1168 890 1201 954 in
1226 910 1262 954 ea
1285 891 1424 956 muliere
1443 890 1553 955 lovere
1569 888 1691 953 nitatur

349 999 412 1064 iam
436 1011 633 1084 conceptum
658 997 858 1065 desiderium
885 996 1075 1063 christianae
1100 996 1177 1063 fidei
1202 998 1462 1084 amplectendae,
1488 1018 1522 1062 ac
1552 997 1694 1081 proinde

348 1106 498 1192 baptismi
522 1104 733 1191 suscipiendi,
759 1104 813 1171 nbi
838 1102 996 1190 primum,
1015 1103 1153 1168 mutatis
1184 1101 1376 1188 specialibus
1406 1103 1438 1170 in
1469 1103 1585 1189 quihus
1616 1123 1692 1170 ver·

349 1224 436 1279 satur
471 1213 734 1295 circumstantiis,
767 1211 800 1277 id
833 1211 952 1294 exequi
985 1210 1107 1295 poterit
1137 1210 1206 1276 sine
1239 1212 1436 1278 contumelia
1467 1211 1626 1278 Crantoris
1658 1221 1692 1277 et

349 1331 442 1385 reatu
472 1317 620 1404 peccati;
654 1337 718 1402 quo
749 1317 918 1404 nimirum,
946 1315 978 1380 in
1010 1335 1084 1380 casu
1119 1316 1235 1382 saltem
1267 1317 1373 1403 gravis
1405 1317 1609 1400 infirmitatis,
1636 1329 1691 1383 aut

351 1426 463 1491 mortis
487 1425 648 1510 periculo,
673 1421 798 1508 privata
821 1443 887 1488 non
910 1432 1038 1488 maneat
1062 1422 1170 1489 medio
1203 1425 1241 1489 ad
1274 1435 1439 1488 aeternam
1464 1424 1603 1488 salutem
1627 1433 1692 1488 tam

350 1551 543 1598 necessario.

463 1779 500 1835 Ex
521 1778 600 1834 lnslr.
619 1779 650 1834 S.
670 1777 699 1834 t.
720 1733 859 1834 summ
882 1778 911 1833 16
937 1776 1013 1844 Sept.
1036 1777 1157 1834 1824-
1178 1776 1223 1844 (ad
1248 1776 1375 1844 erontap.
1397 1776 1570 1844 nobiccum).

351 1869 437 1926 nubta
465 1869 552 1936 quoad
583 1866 782 1946 matrimonium
803 1867 961 1932 litidedun,
982 1866 1096 1922 mullera
1116 1866 1299 1934 amplectente
1317 1866 1503 1940 christianam
1519 1867 1694 1937 rettqlonem..

441 2059 548 2126 Dubio
569 2064 755 2144 proposito.-
779 2095 825 2107 -
851 2065 880 2125 l.
907 2057 965 2124 llir
989 2068 1021 2124 et
1037 2057 1155 2124 mulier
1172 2058 1321 2124 infideles
1338 2060 1449 2144 plures
1466 2080 1563 2126 annos
1580 2061 1697 2128 vixere

352 2167 447 2234 simul
475 2179 635 2250 tamquam
661 2165 829 2250 coniuges.
857 2164 1033 2232 Contendit
1061 2164 1181 2229 mulier
1204 2185 1239 2229 se
1263 2186 1278 2228 a
1303 2165 1372 2247 uiro
1404 2149 1568 2252 acceptam
1594 2167 1696 2234 luisse

351 2275 384 2340 in
402 2291 539 2340 uxorem
556 2291 631 2338 cnm
644 2271 859 2359 promissione
872 2281 1051 2357 perpetuae
1064 2269 1319 2336 cohabitationis.
1340 2273 1373 2336 ln
1391 2271 1577 2338 huiusmodi
1593 2291 1693 2359 porro

350 2377 565 2468 promissione
592 2378 783 2464 (accedente
808 2375 936 2463 copula)
963 2375 1107 2442 consistit
1125 2385 1228 2441 totum
1246 2375 1487 2442 matrimonium
1514 2377 1599 2442 inter
1616 2378 1693 2443 istos

350 2483 501 2553 inlideles
525 2485 613 2550 iuxta
637 2503 764 2549 morem
788 2481 942 2567 regionis.
968 2489 1008 2546 At
1032 2481 1082 2546 vir
1106 2492 1202 2567 negat
1218 2482 1306 2566 quod
1325 2482 1421 2546 talem
1444 2483 1694 2568 promissionem

351 2609 494 2676 unquam
520 2589 676 2671 emiserit,
701 2607 839 2674 seseque
862 2587 1002 2654 liberum
1024 2587 1224 2668 existimans,
1244 2588 1391 2654 eamdem
1418 2589 1539 2654 dimisit
1564 2609 1638 2656 cnm
1656 2592 1694 2658 fi·
1714 2605 1734 2644 ·'
1824 2575 1825 2584 ἵ

351 2697 403 2762 liis
428 2715 470 2761 ex
493 2707 604 2761 mutua
630 2713 745 2759 eorum
769 2693 1006 2760 cohabitatione
1030 2694 1218 2780 procreatis.
1251 2694 1383 2760 Dimissa
1409 2696 1527 2762 mulier
1548 2697 1707 2763 christia-¹

351 2822 426 2868 nam
451 2802 646 2887 religionem
671 2801 892 2888 amplectitur,
911 2800 1054 2885 licetque
1079 2819 1152 2866 cum
1176 2801 1285 2886 priore
1310 2800 1380 2866 viro
1406 2821 1574 2868 remanere
1591 2805 1694 2888 possit

350 2909 471 2994 absque
487 2906 713 2994 perversionis
743 2905 905 2990 periculo,
931 2905 956 2970 si
981 2905 1037 2970 ille
1066 2907 1108 2970 de
1132 2907 1197 2972 suis
1227 2908 1393 2993 promissis
1422 2907 1605 2975 admonitus
1632 2911 1695 2976 eis·

286 2993 293 3010 ¹
352 3016 428 3082 deru
452 3024 535 3078 stare
559 3013 674 3094 vellet,
704 3012 870 3096 quaeritur
897 3032 948 3093 an,
975 3031 1014 3076 eo
1047 3023 1224 3095 renuente,
1251 3014 1316 3098 ipsa
1349 3015 1588 3080 matrimonium
1617 3037 1694 3082 cnm

351 3123 422 3188 viro
446 3119 618 3186 christiano
643 3117 724 3184 inire
755 3115 880 3202 possit?
907 3122 946 3182 Et
971 3129 1129 3202 quatenns
1159 3118 1359 3196 affirmative,
1387 3140 1425 3185 an
1448 3119 1538 3207 prior
1562 3140 1694 3206 quoque

352 3229 414 3310 vir,
440 3229 464 3292 si
490 3238 600 3313 postea
624 3225 663 3290 ad
690 3223 789 3290 fidem
814 3224 1028 3306 convertitur,
1048 3225 1148 3309 possit
1165 3225 1261 3290 etiam
1276 3226 1368 3289 aliam
1393 3226 1596 3292 christianam
1614 3247 1695 3294 nno-

353 3353 421 3400 rem
447 3330 592 3400 ducere?
1622 3342 1626 3348 '

443 3444 475 3504 2.
502 3437 616 3503 llnlier
640 3437 798 3522 quaedam
831 3438 970 3505 infidelis
1001 3439 1174 3524 coniugem
1207 3460 1310 3524 aeque
1340 3440 1514 3506 infidelem·
1540 3443 1696 3527 duxerat,

354 3565 451 3632 quem
476 3545 544 3610 sine
569 3565 659 3610 causa
685 3544 831 3628 reliquit,
857 3545 1065 3630 adhaesitque
1090 3545 1158 3610 viro
1189 3547 1373 3629 christiano,
1400 3567 1499 3631 quem
1524 3547 1589 3634 ipsa
1613 3549 1696 3614 lacta

348 3651 522 3718 christiana
539 3651 571 3716 in
594 3651 769 3735 coniugem
794 3651 941 3736 accipere
958 3651 1038 3718 vult.
1066 3651 1238 3729 Quaeritur
1261 3673 1299 3718 au
1315 3671 1391 3718 cum
1416 3672 1455 3719 eo
1473 3654 1560 3740 iungi
1578 3655 1697 3741 possit,

352 3770 462 3845 spreto
486 3757 590 3842 primo
616 3757 753 3842 coniuge
786 3757 922 3835 infideli,
949 3757 1004 3843 qni
1028 3759 1066 3824 ad
1093 3757 1167 3822 alias
1196 3767 1297 3824 terras
1322 3760 1468 3824 transivit
1497 3780 1556 3825 nec
1581 3759 1697 3826 verisi-

352 3865 475 3930 militer
501 3864 532 3928 in
557 3863 692 3948 patriam
717 3882 910 3928 reversurus
936 3862 1007 3928 est?

442 3974 478 4035 R.
505 3970 553 4034 ud
581 3975 609 4035 l.
637 3970 722 4035 Nihil
741 3971 898 4054 propositi
916 3969 1006 4036 dubii
1023 3970 1148 4056 species
1165 3972 1368 4057 praeseferre
1386 3973 1588 4058 dignoscitur
1604 3973 1695 4057 quod
1713 4009 1715 4016 ι

355 4095 394 4141 er
419 4075 544 4140 traditis
568 4093 584 4140 a
608 4076 783 4142 Benedicto
808 4079 878 4142 lllll
903 4076 966 4163 (lle
992 4081 1068 4163 Syn.
1097 4078 1204 4144 ltioec.
1233 4079 1253 4143 l.
1283 4085 1331 4146 13.
1358 4100 1385 4145 c.
1415 4082 1476 4162 hl)
1505 4080 1604 4144 lacilis
1628 4099 1694 4145 non

352 4185 395 4250 sit
418 4183 599 4249 solutionis.
627 4189 693 4249 ltuo
720 4183 805 4249 enim
832 4183 872 4248 ihi
897 4184 1045 4275 Pontileq
1062 4186 1154 4272 ponit
1173 4187 1346 4272 principia:
1377 4193 1405 4252 l.
1432 4187 1629 4252 Matrimonia
1648 4187 1695 4252 in-

352 4289 503 4356 fidelium
527 4290 659 4356 dissolri
683 4309 776 4375 posse
801 4291 826 4355 si
852 4291 1027 4377 coniugum
1051 4293 1134 4356 alter
1157 4293 1196 4357 ad
1221 4293 1410 4358 catholicam
1436 4304 1642 4358 convertatur
1660 4293 1697 4358 fi·

354 4395 443 4478 dem,
471 4406 661 4461 remanente
694 4397 795 4460 altero
821 4395 852 4461 in
883 4395 1075 4462 infidelitate
1101 4418 1136 4462 ac
1168 4409 1325 4462 renuente
1352 4418 1424 4463 cum
1457 4398 1595 4482 coniuge
1620 4417 1697 4463 con-

353 4522 447 4568 verso
478 4503 680 4585 cohabitare;
706 4503 758 4566 rel
785 4503 810 4566 si
835 4503 990 4584 voluerit,
1017 4523 1081 4568 non
1107 4514 1214 4568 tamen
1239 4505 1358 4588 absque
1383 4507 1579 4572 contumelia
1603 4510 1697 4572 Crea-
