3650 5242
330 253 390 318 108
885 275 1118 322 iteraremus

331 374 433 450 modi
450 377 691 480 exceptiones
711 378 751 454 in
771 379 937 479 quolibet
955 382 1083 458 iudicii
1103 381 1189 457 sede
1207 406 1231 458 a
1250 405 1313 456 reo
1331 385 1521 456 convento
1539 383 1674 456 contra

331 494 606 603 collitiganteS,
638 501 775 601 opponi
793 524 917 604 posse,
940 527 1058 604 neque
1076 529 1126 578 ex
1146 527 1250 578 mora
1278 501 1337 576 ius
1366 501 1520 604 parochi
1550 500 1589 576 S.
1613 501 1675 576 lo-

329 616 443 690 annis
472 623 708 722 peremptum
734 619 865 696 fuisse.

412 741 555 818 Deinde
582 745 883 821 controversiam
918 746 1071 849 propius
1100 747 1321 848 attingens,
1354 749 1486 822 tuetur
1519 749 1677 821 senten·

332 861 427 940 tiam
455 865 750 966 Alexandrinae·
767 869 906 948 Curiae
934 870 1260 946 confirmationem
1290 870 1329 946 S·
1361 869 1407 947 O.
1440 870 1486 946 O.
1518 868 1671 945 mereri.

331 985 401 1060 Ait
419 986 519 1062 enim
540 1013 621 1064 eam
641 990 748 1066 binas
768 989 945 1066 dirimere
965 991 1217 1091 quaestiones
1240 991 1419 1066 uidelicet
1437 995 1527 1066 ante
1545 989 1676 1066 omnia

329 1104 521 1183 declarare
558 1111 598 1184 et
637 1109 837 1186 decernere
879 1111 1076 1188 definitive
1119 1117 1291 1216 spectare
1323 1114 1363 1188 et
1399 1116 1590 1214 spectasse
1627 1111 1675 1186 ad

331 1225 373 1302 S.
392 1225 545 1304 loannis
565 1231 775 1332 paroeciam
796 1232 923 1308 rurale
943 1233 1179 1309 territorium
1202 1233 1293 1309 olim
1314 1233 1505 1336 paroeciae
1521 1233 1560 1310 S.
1578 1231 1676 1308 Lau-

332 1348 462 1438 rentii,
494 1374 536 1424 ac
565 1355 760 1452 praeterea
787 1352 906 1428 eidem
937 1355 1100 1455 parocho
1128 1354 1345 1430 S.Ioan11is
1373 1353 1433 1432 ius
1461 1357 1676 1455 competere

330 1469 579 1578 continuandi
606 1475 645 1547 et
675 1472 852 1549 manendi
873 1475 912 1548 in
940 1474 1123 1580 exercitio
1151 1497 1241 1551 suae
1270 1473 1542 1552 iurisdictionis
1562 1497 1677 1577 super

298 1611 420 1663 area
447 1588 521 1664 iam
561 1597 743 1695 occupata
770 1618 792 1667 a
820 1593 1107 1696 propugnaculo
1144 1595 1297 1670 civitati
1335 1594 1574 1696 proximiori,
1611 1592 1676 1668 nbi

332 1733 466 1812 nempe
496 1711 782 1814 adaperiebatnr
812 1719 963 1816 «porta
991 1717 1150 1791 (tenova
1170 1740 1192 1790 o
1213 1714 1377 1808 Sauone,
1405 1745 1422 1785 »
1454 1714 1517 1790 sed
1546 1713 1679 1814 provi-

329 1829 430 1906 sorio
459 1832 581 1924 modu,
611 1840 651 1909 et
679 1834 747 1908 sub
774 1833 946 1911 clausula
975 1836 1176 1911 revocandi
1211 1837 1457 1928 sententiam,
1488 1841 1678 1936 quatenus

329 1953 468 2028 asserti
496 1961 657 2046 actores,
679 1957 747 2030 ant
777 1979 875 2030 unus
895 1981 942 2030 ex
962 1959 1017 2032 eis
1047 1957 1196 2058 potiora
1224 1959 1307 2032 iura
1335 1955 1673 2032 demonstraverit.

331 2072 620 2151 Animadvertit
639 2083 766 2152 autem
783 2076 999 2152 huiusmodi
1014 2077 1245 2153 sententiam
1261 2079 1433 2153 omnibus
1452 2077 1548 2153 imis
1566 2101 1679 2178 prae-

331 2193 600 2294 scriptionibus
638 2195 869 2273 adamussim
899 2199 1070 2286 servatis
1101 2197 1219 2274 fuisse
1257 2198 1395 2290 latam,
1425 2201 1538 2298 atque
1566 2203 1681 2272 ante-

331 2341 445 2417 quam
473 2317 647 2394 ederetur
674 2344 715 2394 ea
748 2321 877 2396 omnia
905 2321 1023 2396 fuisse
1057 2347 1242 2424 perpensa
1268 2325 1382 2422 atque
1411 2325 1586 2397 accurate
1613 2320 1682 2396 de-

331 2435 476 2537 scripta
504 2462 598 2537 quae
626 2438 848 2515 intricatam
878 2439 1176 2516 controversiam
1205 2439 1245 2516 in
1266 2439 1386 2515 lucem
1415 2439 1582 2540 prolerre
1612 2463 1681 2540 po-

331 2559 512 2636 tuissent.
545 2559 705 2652 Verum,
730 2561 856 2662 percit
870 2567 1013 2652 orator,
1037 2561 1176 2636 nedum
1194 2559 1315 2661 quoad
1331 2559 1506 2651 formam,
1524 2562 1681 2634 senten-

331 2678 425 2753 tiam
447 2680 614 2754 numeris
634 2680 807 2756 omnibus
826 2681 1037 2757 absolutam
1058 2705 1154 2772 esse,
1177 2679 1241 2756 sed
1257 2680 1372 2756 etiam
1387 2681 1429 2756 ob
1446 2677 1677 2754 intrinsecas

332 2800 522 2891 rationes;
546 2802 715 2903 apprime
734 2803 835 2877 enim
856 2802 1031 2878 cohaeret
1052 2801 1200 2878 decreto
1220 2801 1398 2902 Episcopi
1418 2798 1677 2900 D’Angennes

331 2921 406 2995 diei
446 2920 492 2996 12
531 2921 726 2996 Februarii
773 2921 890 3013 1825,
930 2945 976 3002 ex
1013 2947 1085 3023 qno
1126 2923 1219 2998 haec
1256 2925 1432 3022 consequi
1470 2927 1672 2997 memorat.

336 3040 353 3115 l
387 3041 548 3117 Nonnisi
577 3042 725 3116 ratione
752 3042 951 3118 districtus
979 3047 1090 3118 extra
1110 3043 1257 3119 moenia
1276 3043 1448 3119 civitatis
1467 3043 1675 3118 existentis

330 3167 373 3236 et
392 3163 604 3264 spectantis
625 3163 670 3238 ad
691 3163 902 3264 paroeciam
922 3164 961 3240 S.
977 3163 1190 3257 Laurentii,
1213 3169 1377 3239 erectam
1399 3163 1515 3238 fuisse
1534 3187 1676 3239 novam

333 3284 558 3384 paroeciam,
580 3308 624 3359 eo
643 3283 732 3384 quia
760 3284 993 3361 habitatores
1022 3284 1128 3361 illius
1152 3284 1351 3360 districtus
1379 3285 1422 3360 ob
1450 3283 1677 3360 distantiam

330 3411 371 3482 et
398 3408 644 3508 asperitatem
681 3408 764 3484 viae
792 3411 972 3484 carebant
1008 3408 1202 3511 spirituali
1231 3405 1675 3511 subsidi0,'praese1·tim

332 3531 518 3602 nocturno
556 3532 724 3630 tempore
760 3553 832 3629 quo
865 3555 976 3631 saepe
1009 3535 1139 3630 portae
1177 3530 1350 3606 civitatis
1383 3531 1673 3607 claudebantur.

332 3649 357 3721 2
387 3648 430 3722 In
458 3673 501 3724 eo
529 3649 669 3725 edendo
697 3674 827 3725 omnes
856 3650 1117 3728 solemnitates
1147 3649 1263 3725 fuisse
1292 3651 1478 3753 expletas,
1501 3675 1587 3728 cum
1617 3653 1680 3726 in-

248 3799 251 3806 ·
332 3769 497 3845 stitutus
519 3769 636 3846 fuerit
655 3795 851 3872 processus
871 3772 990 3846 citato
1009 3775 1048 3846 et
1068 3755 1197 3846 audito
1217 3773 1378 3872 parocho
1397 3772 1437 3848 S.
1458 3773 1675 3861 Laurentii,

332 3891 372 3962 et
390 3889 591 3965 accedente
609 3890 780 3993 Capituli
800 3916 1001 3967 consensu.
1034 3891 1058 3966 3
1078 3888 1194 3964 Patet
1222 3916 1245 3965 a
1273 3889 1437 3982 decreto,
1456 3891 1678 3967 districtum

331 4033 397 4082 sen
428 4011 666 4086 territorium
694 4017 807 4088 extra.
834 4014 989 4088 ianuam
1020 4011 1265 4103 lanuensem,
1297 4011 1392 4113 quod
1422 4011 1512 4087 olim
1543 4012 1586 4088 ad
1616 4037 1681 4087 cc-

331 4128 485 4204 clesiam
530 4131 569 4206 S.
608 4132 810 4208 Laurentii
851 4131 1089 4235 pertinebat,
1135 4131 1375 4232 assignatum
1412 4137 1451 4208 et
1490 4133 1679 4208 tributum

333 4247 450 4325 luisse
484 4275 605 4327 novae
643 4254 834 4354 paroeciae
873 4253 912 4329 S.
946 4251 1099 4327 loannis
1133 4252 1421 4352 Evangelistae.
1458 4253 1679 4328 dllruitur

332 4371 498 4466 demum,
532 4377 697 4450 erectam
729 4363 917 4449 tuisse'in
949 4370 1144 4448 ecclesiam
1174 4372 1441 4474 paroecialem‚
1479 4372 1680 4450 eeclesiam

331 4492 664 4570 confraternitatis
692 4519 805 4598 prope
835 4495 989 4570 ianuam
1009 4493 1233 4569 Ianuensem
1262 4495 1329 4569 sub
1349 4494 1466 4571 titulo
1485 4495 1553 4572 SS.
1577 4495 1680 4572 Oru-

334 4613 452 4708 cifixi,
483 4613 600 4691 donec
628 4614 750 4692 altera
777 4615 1092 4692 constitueretur.
