3636 5232
347 269 408 334 202
941 286 1097 332 semrom

349 387 414 474 qui
430 385 466 455 id
482 387 650 457 maxime
665 386 782 456 Nobis
801 403 916 456 curae
932 390 997 473 est,
1014 385 1237 473 praesertim
1253 385 1430 473 exempla
1444 385 1693 455 decessorum

345 495 575 564 Nostrorum
596 493 835 580 intuentibus
853 492 918 580 qui
933 492 1080 563 nullum
1096 491 1382 580 praetermisere
1401 491 1528 561 locum
1542 489 1695 562 favendi

349 602 481 673 studiis
505 601 665 689 optimis.
690 601 732 668 ln
755 620 801 670 eo
825 604 952 670 autem
975 599 1036 669 vel
1059 600 1227 670 maxime
1251 600 1366 669 eluxit
1381 597 1607 669 Pontificum
1630 614 1695 668 ex-

349 709 489 778 cellens
512 707 754 796 providentia,
780 708 882 796 quod
905 709 943 776 in
966 708 1065 778 hanc
1088 707 1211 794 ipsam
1235 707 1389 793 Urbem,
1414 706 1621 794 principem
1636 721 1698 772 ca-

348 813 472 883 tholici
495 813 668 902 neminie,
695 812 954 884 adolescentes
983 813 1141 883 clericos
1169 831 1327 902 peregre
1357 831 1551 882 arcessere
1581 815 1698 908 atque

349 921 386 989 in
411 920 573 1010 Collegia
605 939 836 1008 congregare
866 919 1085 1005 studuerint,
1109 919 1222 1007 idque
1252 919 1395 989 maiore
1424 937 1519 989 cura
1547 917 1698 1006 quoties

350 1033 416 1099 aut
437 1029 654 1098 adiumenta
676 1028 889 1097 studiorum
918 1029 1010 1114 ipsis
1038 1027 1077 1095 in
1107 1028 1226 1114 patria
1256 1027 1441 1113 deessent,
1466 1029 1532 1096 aut
1553 1025 1698 1096 sanitas

348 1137 595 1223 institutionis,
612 1135 760 1224 publice
776 1135 970 1222 repudiata
986 1134 1174 1204 Ecclesiae
1193 1133 1391 1222 vigilantia,
1415 1133 1697 1222 periclitaretur.

349 1244 431 1314 Hac
454 1243 501 1312 de
525 1261 642 1314 causa
658 1242 855 1329 complura
872 1244 1019 1310 Romae
1042 1242 1189 1312 condita
1204 1242 1392 1329 Ephebea,
1409 1261 1486 1331 quo
1502 1241 1698 1311 confluere

349 1351 472 1422 solent
492 1351 542 1420 ad
565 1367 675 1420 sacra
698 1349 913 1418 mstituendi
935 1348 1194 1420 adolescentes
1211 1349 1335 1436 exteri,
1361 1367 1406 1418 eo
1429 1348 1600 1419 videlicet
1613 1366 1701 1436 pro

348 1460 470 1549 posito
494 1463 536 1528 ut
558 1476 654 1545 quas
677 1457 714 1526 in
739 1456 842 1527 Urbe
868 1455 1084 1544 collegerint
1113 1456 1250 1544 ingenii
1280 1456 1471 1544 animique
1500 1474 1603 1543 opes,
1629 1473 1697 1524 eas

350 1567 563 1656 aliquand0,
587 1563 795 1634 sacerdotio
819 1563 955 1648 initiati,
986 1563 1024 1630 in
1055 1579 1300 1633 communem
1324 1560 1516 1632 conferant
1542 1561 1701 1650 popula-

299 1667 302 1672 ’
349 1679 449 1746 rium
473 1693 633 1744 suorum
658 1671 861 1742 utilitatem.
887 1672 968 1752 Qua
993 1689 1108 1740 exre
1132 1689 1218 1740 cum
1245 1671 1397 1740 abunde
1420 1669 1608 1740 salutares
1623 1668 1701 1738 fru—

350 1789 433 1853 ctus
463 1782 658 1866 extiterint,
690 1780 860 1864 existant,
893 1777 1047 1847 omnino
1078 1779 1340 1865 Nosmetipsos
1370 1777 1698 1866 operaepretium
1812 1855 1813 1862 ἵ

349 1888 600 1958 iudicavimus
614 1885 791 1973 facturos
809 1886 841 1954 si
856 1885 1042 1954 eiusmodi
1058 1885 1332 1954 domiciliorum
1357 1903 1562 1954 numerum
1586 1901 1702 1972 auge-
1812 1891 1813 1946 ξ

349 2014 499 2066 remus:
516 1998 791 2082 proptereaque
814 2011 930 2062 suum
948 1992 1136 2062 Armeniis
1155 1992 1372 2088 Collegium,
1385 2011 1501 2062 suum
1517 1991 1701 2061 Bobemis

351 2104 388 2170 in
413 2102 516 2173 Urbe
540 2101 784 2189 aperuimus:
814 2098 1077 2190 Maroniticum
1107 2117 1198 2168 vero
1224 2105 1263 2169 ut
1285 2099 1334 2169 ad
1357 2099 1552 2186 pristinam
1583 2098 1702 2188 digni-
1812 2079 1813 2154 ἶ

350 2213 464 2282 tatem
488 2212 740 2294 revocaretur,
764 2206 993 2276 curavimus.
1812 2203 1813 2296 f

439 2317 480 2384 In
505 2317 577 2386 bac
600 2313 887 2403 peregrinorum
910 2311 1205 2382 adolescentium
1229 2310 1436 2399 frequentia
1460 2312 1498 2381 id
1520 2328 1635 2398 aegre
1650 2307 1704 2380 fe-
1812 2307 1813 2354 ³

350 2426 542 2506 rebanrus,
567 2421 669 2513 quod
693 2421 836 2492 alumni
859 2439 935 2489 non
963 2421 1011 2490 ita
1040 2419 1149 2488 multi
1177 2427 1468 2489 numerarentur
1498 2438 1519 2489 e
1550 2417 1704 2488 civibus
1812 2473 1813 2476 ,

354 2534 498 2603 vestris
524 2531 779 2613 Quamobrem
803 2531 976 2616 speratae
1000 2526 1161 2597 utilitatis
1176 2528 1407 2617 cogitatione,
1424 2527 1624 2596 consilium
1640 2545 1700 2596 ce-

352 2639 480 2726 pimus
496 2636 654 2724 efficere,
673 2643 714 2705 ut
728 2635 918 2704 urbanum
936 2633 1158 2703 clericorum
1174 2634 1471 2722 hispaniensium
1484 2633 1701 2722 collegium,

352 2745 455 2834 quod
479 2763 554 2812 non
579 2744 627 2813 ita
651 2742 798 2830 pridem
821 2741 970 2828 piorum
996 2740 1235 2810 sacerdotum
1253 2741 1405 2828 sapiens
1420 2741 1599 2811 industria
1616 2739 1703 2810 fun-

352 2851 463 2938 davit,
489 2869 565 2918 non
590 2849 705 2917 modo
729 2846 858 2916 stabile
881 2865 1116 2934 permanere,
1141 2849 1208 2916 sed
1232 2847 1281 2915 ad
1312 2848 1542 2917 incrementa
1565 2865 1704 2935 prope

351 2976 437 3028 rare
460 2959 583 3044 queat.
608 2953 733 3023 Placet
756 2953 866 3042 igitur
889 2961 930 3022 ut
953 2955 1137 3041 quotquot
1158 2971 1208 3021 ex
1232 2953 1433 3023 Peninsula
1457 2952 1598 3023 lberica
1614 2973 1704 3040 pro

351 3064 513 3133 xlmisve
537 3061 669 3130 insulis
692 3061 729 3128 in
755 3061 890 3130 ditione
921 3060 1000 3129 sitis
1031 3061 1144 3147 Regis
1174 3060 1352 3147 catholici,
1375 3061 1413 3128 in
1441 3059 1532 3130 illud
1563 3079 1704 3132 conve

351 3171 481 3256 norint,
506 3167 640 3237 sintin
665 3166 779 3236 tutela
802 3168 960 3236 Nostra:
984 3167 1253 3254 communique
1277 3171 1424 3236 utentes
1447 3167 1632 3254 convictu,
1651 3168 1702 3238 le

352 3283 499 3348 ctorum
533 3274 817 3344 moderatorum
847 3273 1058 3360 disciplina,
1090 3272 1145 3341 eis
1179 3273 1312 3342 studiis
1346 3278 1563 3360 operentur,
1596 3295 1704 3362 quae

353 3382 576 3470 exquisitius
599 3381 769 3452 animum
792 3380 1061 3468 ingeniumque
1084 3378 1290 3466 perficiunt.
1316 3380 1575 3468 Opportunam
1590 3383 1703 3469 operi

351 3491 482 3559 sedem
508 3489 743 3575 domumque
766 3487 1003 3574 praebituras
1019 3486 1246 3556 arbitramur
1261 3487 1375 3556 aedes
1391 3488 1569 3572 urbanas
1586 3507 1608 3556 a
1626 3490 1706 3558 Du-

351 3597 458 3665 cibus
481 3594 672 3683 Altemps,
704 3594 892 3682 prioribus
916 3593 1092 3678 dominis,
1124 3598 1378 3681 nuncupatae,
1408 3595 1561 3682 proprio
1592 3615 1704 3666 nunc
1811 3585 1812 3676 J

350 3703 432 3770 iure
454 3702 611 3771 Nostras
642 3706 677 3770 et
707 3700 944 3789 apostolicae
976 3699 1104 3768 Sedis:
1134 3719 1179 3769 eo
1203 3702 1261 3770 vel
1294 3702 1416 3789 magis
1440 3703 1539 3789 qnod
1565 3701 1652 3773 illae
1677 3725 1702 3774 a
1811 3695 1812 3712 ¹

351 3808 517 3879 sacrario
541 3807 687 3878 Aniceti
708 3806 895 3876 Pontificis
919 3807 1104 3894 Martyris,
1127 3807 1235 3878 cuius
1259 3809 1396 3878 ibidem
1428 3809 1525 3880 sacri
1549 3810 1705 3880 cineres

352 3900 564 4004 quiescunt,
594 3916 757 4002 itemque
788 3935 810 3984 a
840 3913 1023 3983 memoria
1054 3904 1359 3984 commorationis
1397 3913 1521 3984 Caroli
1551 3917 1703 3986 Borro-
1811 3903 1812 3990 l

352 4021 425 4092 mci
447 4022 695 4092 nobilitantur.
725 4023 865 4091 Earum
901 4019 1011 4108 igitur
1041 4018 1192 4089 aedium
1220 4041 1333 4090 usum
1365 4026 1477 4108 atque
1507 4021 1706 4093 usumfru-
1811 3997 1812 4025 ³

351 4133 454 4199 ctum
480 4128 723 4198 concedimus
747 4132 782 4197 et
806 4126 1043 4196 attribuimus
1074 4127 1235 4214 Collegio
1264 4128 1538 4216 Episcoporum
1566 4130 1705 4219 Hispa-

351 4237 445 4323 niae,
464 4235 536 4305 hac
552 4235 644 4324 lege,
663 4239 703 4302 ut
718 4234 761 4302 iis
782 4239 934 4304 utantur
959 4232 1007 4302 ad
1030 4235 1267 4322 accipiendos
1283 4236 1520 4324 tuendosque
1534 4257 1702 4308 suarum

351 4345 581 4414 Dioeceseon
605 4342 770 4428 clericos,
788 4343 819 4412 si
835 4363 932 4430 quos
948 4345 1160 4414 studiorum
1184 4361 1331 4430 caussa,
1350 4345 1402 4413 uti
1426 4345 1602 4434 diximus,
1621 4347 1702 4418 huc

351 4452 553 4520 mittendos
576 4450 817 4518 decreverint.
843 4451 924 4530 Quo
949 4471 1040 4520 vero
1063 4450 1221 4538 cogitata
1254 4450 1361 4520 citius
1388 4451 1606 4540 efficiantur,
1631 4473 1702 4541 pa-

351 4560 514 4646 riterque
533 4563 681 4642 tempus
696 4557 923 4626 instruendis
939 4558 1097 4627 aedibus
1112 4557 1319 4645 ceterisque
1334 4559 1449 4628 rebus
1466 4562 1702 4647 apparandis
