3694 5230
740 301 894 346 mutuas.
1430 282 1493 343 205

139 401 255 476 rocho
283 401 398 477 Zinni
435 401 650 506 prolatum,
692 401 891 476 dicendum
927 400 1123 476 videretur
1161 397 1258 500 quod
1287 399 1327 474 in
1360 399 1491 474 omnia

138 520 227 597 iura
248 520 421 624 Capituli
442 519 580 598 ssnae
599 519 935 612 Annuntiationis,
959 518 1182 622 Capitulum
1202 518 1395 594 Ecclesiae
1415 517 1492 596 Oa-

139 640 327 718 thedralis
356 642 413 717 ita
440 641 679 734 successerit,
712 647 756 716 ut
789 663 920 715 veram
948 641 990 716 in
1017 665 1062 716 ea
1089 639 1263 734 ecclesia,
1296 643 1490 740 tamquam

138 762 181 838 in
210 761 337 855 filiali,
368 761 672 837 iurisdictionem
699 785 875 836 exercere
903 761 1082 863 coeperit,
1115 785 1233 835 unum
1263 761 1488 861 praesertim

138 882 185 958 de
215 906 283 958 suo
313 882 458 986 gremio
486 881 690 983 quotannis
709 880 923 982 deputando
942 881 1180 974 canonicum,
1202 880 1266 981 qui
1286 880 1378 956 inibi
1397 879 1492 956 mis·

136 1029 222 1080 sam
250 1003 414 1105 singulis
443 1003 570 1078 diebus
609 1001 717 1077 festis
747 1001 967 1077 celebraret.
1008 1001 1115 1089 Quod
1149 1001 1181 1076 si
1210 1006 1394 1076 econtra
1427 1025 1493 1077 as-

138 1124 368 1200 sertionibus
396 1147 440 1199 ac
467 1122 705 1198 documentis
734 1147 758 1197 a
786 1121 1126 1200 Confraternitatis
1162 1121 1324 1222 patrono
1353 1119 1486 1196 allatis

139 1243 256 1320 fidem
284 1245 418 1321 habere
446 1243 625 1336 velimus,
656 1242 864 1319 tenendum
892 1247 992 1319 esset
1023 1243 1192 1320 eamdem
1222 1243 1489 1322 Confraterni-

136 1369 274 1458 tatem,
307 1369 393 1468 post
421 1364 513 1440 cleri
534 1363 757 1456 discessum,
779 1363 900 1438 solam
919 1388 1053 1440 revera
1080 1368 1275 1465 tamquam
1293 1363 1484 1442 dominam

136 1485 179 1561 in
208 1484 351 1588 pluries
380 1489 589 1560 memorato
618 1483 761 1585 templo
789 1507 856 1586 per
883 1483 1139 1585 quadraginta
1162 1488 1202 1560 et
1230 1488 1394 1584 quatuor
1421 1509 1493 1560 an-

137 1629 224 1698 nos,
255 1605 354 1682 idest
391 1605 584 1706 usquead
621 1629 765 1680 annum
807 1603 929 1696 1857,
970 1605 1238 1706 permansisse.
1278 1603 1493 1681 Enimvero

138 1725 226 1828 ipsa
253 1726 466 1803 andriensis
495 1725 613 1804 Curia
639 1725 680 1799 in
701 1748 770 1799 sua
797 1747 886 1798 mox
914 1722 1111 1800 referenda
1138 1725 1331 1802 sententia
1349 1750 1491 1827 anceps

140 1845 290 1922 haeret.

222 1967 434 2066 Progressu
464 1964 661 2068 temporis,
683 1965 723 2038 et
741 1964 908 2065 praecise
936 1988 1036 2040 anno
1069 1963 1170 2042 1857
1197 1990 1265 2068 per
1292 1965 1486 2042 decretum

141 2085 181 2162 S.
207 2084 253 2163 O.
277 2084 323 2163 O.
346 2084 421 2160 diei
447 2083 501 2162 23
529 2083 690 2186 Aprilis,
724 2108 746 2158 a
774 2082 914 2160 Ioanne
941 2085 1178 2186 Longobardi
1198 2085 1385 2190 Episcopo
1405 2088 1490 2164 Au-

139 2205 286 2282 driensi
313 2210 508 2306 tamquam
547 2201 702 2307 speciali
741 2203 982 2306 Apostolicae
1011 2206 1116 2284 Sedis
1144 2205 1319 2307 delegato
1353 2233 1492 2284 execu-

141 2326 241 2400 tioni
270 2321 553 2418 demandatum,
586 2322 744 2400 ecclesia
781 2323 918 2401 SSrirae
956 2326 1219 2403 Annuntiatac
1248 2327 1360 2402 iuxta
1387 2329 1485 2404 iuris

141 2445 341 2522 tramitem
378 2447 424 2520 ad
460 2470 591 2522 veram
627 2469 672 2520 ac
709 2443 850 2520 realem
892 2447 1085 2548 paroeciae
1125 2446 1379 2522 conditionem
1402 2448 1486 2526 ‚fuit

139 2570 290 2642 evecta.
314 2566 462 2642 Verum
481 2565 522 2642 in
543 2563 793 2642 executoriali
812 2566 976 2660 decreta
998 2565 1193 2670 praefatus
1212 2567 1423 2672 Episcopus
1443 2568 1490 2645 de

141 2685 474 2766 Confraternitate
490 2685 761 2768 Immaculatae
782 2686 1049 2789 Conceptionis
1068 2685 1118 2764 ibi
1137 2687 1320 2764 existenti
1340 2689 1487 2764 nullam

138 2806 280 2882 adiecit
316 2807 562 2882 mentionem.
605 2807 865 2884 Nihilominus
902 2807 1112 2883 confratres
1140 2807 1181 2883 in
1219 2832 1288 2884 sua
1329 2807 1489 2884 ecclesia

135 2929 256 3004 etiarn
284 2931 416 3030 postea
443 2933 751 3029 permanserunt,
773 2955 832 3021 ac,
856 2927 946 3004 licet
965 2927 1168 3005 hodiernus
1197 2929 1383 3030 parochus
1403 2953 1489 3006 con·

135 3049 303 3125 trarium
331 3052 491 3142 asserat,
513 3073 562 3123 ex
591 3046 771 3125 fasciculo
791 3052 962 3124 actorum
982 3049 1274 3151 deprehenditur
1293 3073 1353 3125 res
1383 3050 1487 3125 inter

134 3193 202 3244 eos
220 3171 261 3243 et
281 3167 464 3269 parochos
492 3192 610 3269 usque
630 3167 676 3244 ad
696 3169 788 3245 haec
806 3173 1000 3271 postrema
1027 3173 1199 3270 tcmpora
1226 3169 1379 3273 pacifice
1399 3195 1487 3272 pro-

135 3289 311 3366 cessisse.
335 3287 628 3366 Controversias
647 3292 775 3364 autern
791 3292 964 3365 recenter
983 3293 1136 3364 exortas
1155 3288 1365 3391 Episcopus
1384 3314 1488 3366 com-

135 3435 277 3515 ponere
307 3409 473 3512 primum
501 3408 664 3485 studuit.
697 3408 769 3486 Sed
798 3434 884 3485 cum
913 3409 1012 3485 nihil
1033 3409 1246 3511 proficeret,
1277 3415 1405 3511 partes
1424 3411 1485 3486 die

133 3531 162 3609 2
192 3531 424 3634 Septembris
452 3531 544 3606 anni
577 3529 679 3607 1889
708 3555 775 3632 pro
813 3529 1092 3606 contestatione
1131 3528 1213 3604 litis
1252 3553 1378 3604 coram
1407 3524 1513 3632 epi-¹

10 3697 35 3712 ·
135 3650 281 3754 scopali
312 3649 431 3728 Curia
468 3652 679 3742 steterunt3
716 3655 755 3726 et
788 3650 958 3753 proprias
992 3650 1148 3752 quisque
1180 3649 1360 3752 patefecit
1388 3652 1488 3754 peti-

136 3771 277 3848 tiones.

220 3891 316 3968 Rite
336 3888 464 3991 itaque
484 3888 665 3965 instituto
685 3914 729 3964 ac
747 3889 918 3966 absoluto
937 3887 1087 3984 iudicio,
1111 3888 1170 3965 die
1190 3889 1243 3966 29
1263 3889 1357 3967 blaii
1381 3890 1479 3967 1891

135 4011 180 4088 ab
208 4010 280 4087 illa
317 4009 523 4112 episcopali
574 4007 694 4086 Curia
727 4011 927 4087 sententia
964 4011 1044 4086 lata
1071 4017 1131 4087 est
1158 4012 1216 4088 ita
1251 4015 1483 4088 decernens:

135 4133 345 4210 Rectorem
374 4131 548 4208 Sodalitii
577 4133 621 4208 ab
650 4132 901 4210 Immaculata
929 4134 1198 4241 Conceptione,
1222 4160 1328 4237 posse
1348 4136 1388 4211 in
1407 4135 1484 4212 Ee-

135 4253 266 4348 clesia,
290 4277 393 4328 nunc
421 4252 638 4355 paroeciali,
669 4253 781 4330 litare
810 4244 945 4330 missas
964 4255 1113 4357 planas,
1136 4282 1229 4358 quae
1258 4265 1350 4334 sunt
1368 4282 1484 4334 onera

137 4372 337 4466 Sodalitii3
369 4373 569 4448 dummodo
598 4372 766 4475 eligatur
794 4375 902 4468 hora,
925 4400 999 4476 qua
1018 4400 1093 4452 non
1121 4378 1296 4453 turbetur
1328 4379 1483 4480 parochi

137 4492 329 4584 officium3
362 4518 472 4596 posse
500 4493 632 4587 etiarn,
665 4495 900 4596 praemonito
922 4497 1100 4597 parocho,
1122 4503 1160 4572 et
1188 4523 1274 4574 curn
1302 4499 1384 4600 ipso
1403 4503 1485 4574 sta-

137 4618 225 4692 tuta
252 4615 368 4709 hora,
409 4639 543 4691 canere
571 4615 618 4690 ad
655 4615 776 4691 altare
813 4613 1001 4710 Sodalitii,
1033 4616 1073 4692 in
1102 4617 1185 4720 ipsa
1216 4617 1374 4693 ecclesia
1401 4617 1485 4694 exi·
