3674 5264
718 377 903 424 soaeusmu.
1441 359 1480 422 21

127 482 317 560 detrusit.
350 481 588 558 -Fuimus
627 480 749 557 iuncti
786 483 825 556 et
861 480 947 557 dein
973 480 1143 588 maritus
1181 469 1316 556 effudit
1352 503 1481 556 semen

128 606 248 680 extra
277 629 346 679 vas
374 627 499 678 meum
527 627 570 679 eo
598 602 696 702 quod
722 602 781 678 illi
810 603 972 679 dixerim
1000 628 1060 679 me
1088 600 1352 705 nolleprolem
1370 627 1419 679 ex
1437 625 1480 676 eo

139 725 289 800 habere.
307 767 360 788 —
375 723 460 799 Soio
475 747 602 800 semen
622 722 705 799 eius
721 747 915 824 nunquam
930 723 1135 800 intravisse
1151 723 1198 800 ad
1213 748 1281 799 vas
1297 733 1423 798 meum
1442 753 1477 795 ».

138 844 300 920 Praeter
329 843 434 938 haec,
466 844 645 945 inquam,
683 842 772 945 quid
800 843 903 919 aliud
932 845 1001 920 sibi
1030 845 1167 922 volunt
1194 844 1309 922 verba
1343 843 1483 946 perito-
1512 923 1514 929 ,

135 991 223 1040 rum
253 965 421 1068 ipsorum
455 949 764 1067 inspicientium:
807 966 910 1040 labia
951 973 1103 1040 maiora
1140 965 1393 1042 adhaerentia
1428 971 1483 1038 ri-

138 1113 248 1162 mam
285 1109 454 1162 Pnurrus
486 1087 702 1165 claudant.
750 1085 854 1165 tobia
892 1093 1049 1162 rra'aora
1088 1111 1207 1188 aeqrre
1250 1085 1481 1161 cohaerent?

136 1204 374 1282 Praesertim
392 1230 479 1280 oum
499 1230 547 1281 ex
567 1203 793 1282 Barrellotti
813 1204 1009 1281 habeatnr:
1034 1203 1266 1280 sufficienter
1284 1204 1482 1306 probatum

130 1351 235 1418 esse,
257 1313 430 1403 nsum...
449 1325 626 1414 inducere
654 1324 868 1401 sensibilem
887 1325 1194 1401 immutationem
1212 1325 1253 1400 in
1274 1327 1400 1426 partes
1421 1349 1486 1425 ge·
1599 1396 1602 1406 .

139 1445 330 1522 nerationi
358 1445 584 1522 servientes
620 1446 702 1522 «In
731 1445 946 1548 virginibus
975 1446 1074 1521 rima
1100 1471 1123 1521 a
1152 1444 1259 1521 labiis
1279 1445 1483 1522 maioribus

140 1565 277 1669 intime
305 1565 596 1648 adhaerentibus
626 1565 812 1660 formata,
855 1566 1026 1647 indiaea
1052 1568 1222 1670 sr'mph'cr'
1253 1566 1482 1643 divisionem

140 1692 419 1790 repraesentat,
451 1691 585 1765 contra
613 1687 653 1762 in
683 1687 742 1762 his
772 1713 865 1788 qnae
885 1687 1058 1789 copulam
1082 1689 1357 1779 exercuissent,
1389 1687 1484 1763 duae

140 1807 400 1910 inspiciuntur
428 1806 551 1884 lineae
579 1808 734 1908 longam
762 1808 884 1884 veluti
913 1808 1092 1910 ellypsim
1126 1812 1481 1911 repraesentantes:

138 1929 180 2006 in
212 1928 426 2031 virginibus
455 1927 554 2004 labia
581 1927 726 2003 maiora
753 1932 792 2003 et
812 1930 960 2005 minora
979 1933 1089 2005 tensa
1116 1932 1156 2004 et
1184 1928 1420 2023 resistentia,
1443 1929 1484 2003 in

88 2083 91 2090 ·
140 2049 228 2126 aliis
249 2049 417 2125 remissa
443 2053 483 2124 et
511 2049 689 2125 enervia:
721 2049 761 2125 in
781 2049 995 2150 virginibus
1014 2075 1101 2153 pars
1126 2051 1281 2126 interna
1299 2049 1485 2125 maiorum

138 2168 327 2246 vlabiorum
355 2168 507 2246 vividae
536 2169 663 2245 carnis
692 2169 855 2245 colorem
884 2169 1025 2263 refert,
1056 2167 1228 2262 inanis,
1260 2169 1485 2271 praesertim

143 2289 175 2364 si
203 2290 361 2391 copulae
389 2289 575 2382 assuetis,
617 2289 841 2390 subnigrum
880 2288 1016 2391 (bruno
1045 2287 1164 2390 fosco)
1185 2319 1220 2364 ».
1258 2288 1484 2364 Barzellotti

144 2410 217 2485 loc.
250 2411 318 2486 cit.
352 2436 391 2485 n.
411 2410 536 2486 XLII.
571 2410 747 2486 Profecto
767 2408 799 2484 si
828 2409 943 2486 verba
969 2408 1198 2512 peritorum:
1234 2409 1388 2485 «Labie
1406 2434 1488 2484 ma-

137 2533 224 2608 iora
251 2531 512 2623 adhaerentia,
543 2531 680 2607 rimam
710 2531 861 2633 penitus
890 2529 1089 2624 claudunt,
1121 2529 1220 2605 labia
1247 2530 1398 2606 minora
1426 2555 1489 2606 ae-

137 2675 214 2750 que
242 2650 740 2728 cohaerent...'n1embrana
759 2650 951 2752 vaginalis
971 2675 1174 2754 parumper
1192 2651 1302 2726 rubet
1319 2654 1358 2725 et
1379 2648 1488 2726 muco

135 2771 227 2848 albo
255 2775 358 2847 tecta
386 2775 567 2874 apparet,
600 2777 746 2848 meatus
775 2771 939 2873 vaginae
967 2777 1180 2874 angustus,
1221 2771 1343 2847 solum
1375 2771 1488 2847 unico

133 2890 265 2992 digito
284 2891 509 2968 meabilis».
541 2891 581 2968 Si
608 2916 694 2967 cum
714 2891 776 2966 hic
804 2889 933 2967 allatis
953 2917 976 2966 a
994 2891 1219 2968 Barzellotti
1240 2890 1489 2967 conferantur

145 3011 268 3087 relata
296 3037 319 3086 a
347 3010 516 3104 medioiS,
547 3035 673 3087 nonne
702 3010 866 3086 Mariam
894 3011 1020 3113 potius
1053 3036 1130 3087 non
1158 3011 1345 3115 copulatis
1373 3035 1487 3112 quam

135 3131 333 3234 copulatis
347 3154 543 3208 accensere
562 3132 776 3234 oporteret?
794 3131 944 3208 Crescit
962 3135 1234 3232 argumentum
1254 3131 1298 3206 ab
1317 3129 1490 3206 absentia

135 3253 413 3352 cuiuscumque
442 3252 599 3354 vestigii
620 3277 752 3354 passae
772 3253 1038 3355 graviditatis:
1075 3251 1307 3328 «abdomen
1335 3255 1488 3328 tensum

146 3370 254 3447 nulla
275 3372 449 3474 vestigia
482 3371 740 3474 praecedentis
774 3371 1019 3474 graviditatis
1048 3373 1202 3448 exhibet
1226 3402 1272 3466 v,
1308 3371 1363 3448 ait
1408 3397 1487 3446 me-

137 3490 266 3566 dicus.
796 3549 798 3552 -
1130 3497 1133 3502 “

227 3611 372 3687 Verum
399 3617 458 3688 est
486 3639 509 3688 a
536 3611 764 3704 Baraellotti
792 3612 850 3687 loo
878 3613 946 3687 cit.
977 3612 1051 3688 dici
1079 3611 1219 3687 etiam:
1255 3611 1378 3688 ‹Non
1406 3612 1490 3686 exi-

138 3733 224 3806 ·stet
252 3732 404 3808 aliunde
433 3733 525 3809 haec
553 3732 743 3809 sensibilis
771 3732 1008 3822 differentia,
1051 3732 1232 3807 siccitas
1266 3731 1342 3807 fuit
1370 3733 1492 3808 inter-

142 3859 308 3956 ruptus:
348 3854 526 3954 quoniam
565 3877 675 3955 saepe
712 3851 894 3928 eiusmodi
921 3858 1050 3956 partes
1078 3853 1119 3927 in
1148 3852 1347 3929 iuvenibus
1385 3878 1492 3928 resu-

145 3981 259 4050 munt
287 3976 479 4078 propriam
507 3974 793 4066 clasticitatem,
825 3974 997 4074 vigorem
1026 3977 1066 4048 et
1093 3973 1271 4049 colorem.

228 4093 345 4170 Nobis
373 4119 493 4195 neque
522 4119 589 4196 pro
618 4095 984 4172 inconsummatione
1021 4079 1258 4169 matrimonii
1287 4094 1389 4170 inter
1417 4095 1492 4173 Ca-

150 4214 273 4290 rolum
301 4217 340 4291 et
367 4214 532 4291 Mariam
559 4215 842 4319 pugnantibuS,
883 4239 1002 4315 neque
1035 4240 1101 4317 pro
1138 4217 1488 4311 consummatione,

55 4358 59 4369 ·
150 4335 212 4410 sed
241 4335 505 4411 tantummodo
533 4336 574 4411 in
602 4361 643 4411 re
672 4334 892 4436 gravissimi
919 4336 1100 4411 momenti
1126 4335 1284 4412 veritati
1312 4337 1494 4437 detegen-

148 4453 218 4528 dae
246 4453 565 4547 incumbentibus,
600 4461 790 4559 postrema
808 4455 899 4530 haec
919 4456 1033 4531 verba
1058 4456 1156 4531 haud
1187 4457 1288 4531 tanti
1316 4461 1421 4551 sunt,
1445 4483 1493 4534 ne

150 4574 313 4677 amplius
350 4599 399 4652 ex
435 4578 609 4678 superius
645 4575 775 4652 allatis
813 4575 1009 4652 credamus
1048 4599 1114 4678 pro
1141 4575 1391 4678 Affirrnah'ea
1429 4579 1492 4655 vel

148 4693 344 4796 Nepatr'oa
373 4697 418 4773 ad
447 4695 600 4780 dubium
628 4697 870 4802 responsione
898 4697 1041 4798 aliquid
1070 4697 1230 4774 ulterius
1256 4697 1494 4775 efficiendum
