3674 5264
644 317 688 362 nx
711 315 737 362 s.
763 317 793 362 c.
818 316 939 361 mruuu
1424 299 1466 362 37

112 416 273 504 eiusque
291 420 580 489 successoribus
603 421 651 489 ad
668 417 885 488 habendum
911 417 1187 504 inperpetuum
1212 418 1357 506 absque
1374 422 1466 487 tem·

110 525 233 611 porali
256 526 408 595 servitio
432 528 700 598 Monasterium
728 526 852 595 Sancti
868 525 989 594 lacobi
1014 526 1060 593 de
1077 527 1275 594 Montauro
1300 543 1388 593 cum
1406 545 1464 594 ca·

113 635 208 718 stro,
241 633 344 719 quod
369 639 426 703 est
448 635 583 705 subtus
607 635 747 703 dictum
772 633 1042 703 lllonasterlum
1071 632 1272 719 antiquitus
1295 636 1464 700 constru-

114 739 227 806 ctum.
253 739 373 808 Situm
399 745 478 810 erat
501 742 610 830 igitur
633 739 843 828 praelatum
866 739 1137 807 blonasterium
1160 757 1276 826 supra
1293 742 1460 808 castrum

113 843 217 930 quod
242 845 353 915 bodie
377 847 540 936 Grangia
564 853 715 918 sanctae
731 851 863 916 Annae
888 845 1106 932 appellatur,
1131 845 1232 932 quod
1258 845 1381 915 dictus
1397 846 1462 915 Co

112 966 197 1018 mes
223 969 243 1019 e
268 953 444 1023 manibus
468 955 699 1024 Graecorum
724 952 1058 1023 schismaticorum
1083 956 1240 1037 eruerat,
1265 957 1301 1020 et
1323 954 1461 1021 Eremo
1517 1029 1520 1034 ,

104 1061 267 1128 sanctae
291 1061 431 1130 Mariae
455 1062 501 1130 de
525 1061 633 1131 Turri
665 1061 935 1148 incorporavit,
960 1059 997 1127 in
1029 1078 1105 1146 quo
1139 1058 1289 1128 cuidam
1325 1061 1460 1128 Procu-

109 1165 243 1248 ratori,
274 1165 353 1235 sive
381 1167 612 1254 praeposito,
644 1167 832 1237 horrenda
875 1167 922 1235 de
960 1165 1092 1254 poenis
1127 1167 1333 1254 Purgatorii
1366 1168 1460 1236 visio

112 1273 267 1340 ostensa
291 1271 366 1341 fuit.

180 1377 320 1448 Beatus
342 1379 453 1468 igitur
477 1381 680 1468 Lanuinus,
706 1381 853 1468 primus
878 1383 914 1449 et
936 1379 1179 1468 dignissimus
1202 1382 1320 1451 sancti
1337 1382 1457 1452 Patris

110 1500 329 1570 successor,
362 1486 443 1556 idea
468 1482 553 1557 viia¹
578 1489 656 1557 veri
680 1488 959 1558 Cartusianismi
983 1488 1063 1556 iure
1086 1488 1226 1574 optimo
1251 1489 1323 1558 hoc
1347 1507 1457 1558 enco-

109 1589 234 1660 mium
258 1593 353 1678 tulit,
386 1595 488 1682 quod
512 1596 688 1685 egregius
711 1599 869 1664 metator
897 1598 932 1664 et
955 1592 1170 1664 aedificator
1193 1592 1303 1662 fuerit
1329 1596 1460 1664 Mona·

108 1699 329 1786 steriorum;
360 1701 414 1770 sic
438 1703 537 1771 enim
562 1722 650 1772 eum
677 1703 861 1791 Rogerius
885 1702 1020 1770 Comes
1044 1701 1081 1768 in
1105 1700 1307 1787 diplomate
1330 1707 1457 1788 vocat,

110 1809 146 1872 et
174 1804 322 1876 inacta
349 1807 498 1894 publico
533 1829 685 1897 semper
712 1810 934 1880 constitutus
965 1809 1221 1878 auctoritatem
1244 1808 1458 1878 maximam
1488 1832 1492 1842 ·

109 1912 180 1982 sibi
205 1914 352 2004 collegit
374 1917 476 2004 apud
501 1917 698 1987 Pontifices
715 1923 751 1988 et
766 1919 966 2005 Principes
991 1917 1093 2005 quod
1110 1917 1261 2004 quidem
1287 1937 1336 1987 ex
1352 1938 1458 2006 prae-

110 2016 194 2088 latis
219 2020 449 2108 dignoscitur
472 2023 653 2111 Epistolis‚
680 2029 788 2094 etex
811 2024 1002 2094 laboribus
1026 2045 1094 2112 pro
1119 2024 1263 2094 Christo
1285 2025 1456 2112 Domine,

110 2126 277 2198 Ecclesia
296 2129 440 2217 Sancta,
467 2136 503 2200 et
517 2131 620 2201 Sacri
637 2132 784 2200 Ordinis
809 2131 957 2201 utilitate
973 2150 1088 2218 saepe
1105 2129 1299 2217 susceptis,
1324 2131 1360 2198 in
1379 2132 1458 2218 qui-

109 2233 184 2302 bus
208 2235 304 2304 sicut
326 2237 498 2323 patientia
523 2237 722 2325 relucebat
748 2239 794 2308 ita
818 2238 1015 2325 prudentia
1039 2237 1219 2326 singulari
1242 2239 1357 2306 modo
1381 2257 1458 2308 ma-

107 2338 364 2411 nifestabatur.

177 2452 267 2518 Erat
289 2451 413 2538 itaque
437 2454 575 2524 Beatus
598 2453 792 2522 Lanuinus
816 2453 864 2521 ita
881 2452 1077 2521 virtutibus
1101 2451 1327 2521 excellenter
1350 2471 1456 2522 orna·

108 2561 180 2642 tuS,
206 2555 383 2644 doctrina,
409 2560 615 2647 prudentia,
641 2560 813 2648 rarisque
836 2559 1073 2648 qualitatibus
1097 2577 1118 2628 a
1143 2560 1236 2646 Deo,
1262 2541 1396 2628 natura
1421 2564 1457 2628 et

106 2663 238 2751 gratia,
264 2683 509 2752 summopere
532 2669 680 2736 dotatus
704 2668 816 2755 quod,
842 2671 882 2734 ut
897 2668 1042 2735 Domus
1058 2670 1303 2735 monumenta
1320 2669 1457 2736 testan-

109 2773 180 2854 tur,
206 2787 282 2838 non
307 2769 565 2841 inveniebatur
588 2773 718 2841 similis
742 2774 779 2840 in
803 2777 877 2840 tota
902 2771 1107 2840 Provincia.

176 2875 309 2946 Merito
337 2877 447 2966 igitur
479 2881 617 2950 Beatus
647 2881 720 2950 hoc
743 2879 894 2949 nomine
924 2880 1107 2948 dicendus
1130 2879 1325 2948 Lanuinus
1351 2879 1453 2966 quod

108 2981 228 3066 ipsius
251 2985 366 3054 sancti
392 2986 510 3055 Patris
534 2986 642 3058 luerit
665 3005 743 3075 pes,
760 3005 909 3070 manus,
927 2987 1071 3073 aculae,
1088 2985 1261 3073 provisor
1277 2985 1359 3054 eius
1374 3004 1455 3071 per-

108 3094 246 3172 petuus
278 3095 314 3159 et
343 3091 569 3179 indefessus,
603 3112 774 3163 necnon
807 3098 1028 3180 procurator
1059 3111 1270 3179 pauperum
1303 3091 1452 3178 Christi,
1495 3161 1497 3166 .

107 3195 247 3281 quibus
271 3199 414 3268 servire
438 3219 597 3288 regnare
620 3207 685 3288 est,
711 3203 783 3271 sub
799 3202 907 3271 cuius
923 3200 1104 3290 regimine
1128 3199 1349 3286 germinavit
1371 3217 1455 3267 san·

89 3307 189 3388 ‚ctae
213 3303 354 3375 Mariae
378 3307 425 3375 de
449 3309 558 3376 Turri
588 3311 749 3379 Eremus
781 3310 875 3378 ultra
904 3306 1151 3396 quadraginta
1175 3305 1450 3390 Anachoretas,

106 3412 143 3476 et
165 3411 386 3500 MonachoS,
412 3419 491 3482 tum
515 3415 552 3482 in
576 3416 647 3485 hac
671 3414 831 3485 inferiori
852 3418 982 3501 Domo,
1008 3433 1123 3500 quam
1140 3413 1176 3480 in
1195 3411 1308 3482 altera
1333 3411 1454 3479 sancti

106 3514 229 3583 lacobi
255 3518 302 3586 de
322 3519 527 3589 Mentabro.
553 3521 656 3592 Ultra
673 3522 942 3611 quinquaginta
959 3521 1103 3609 absque
1120 3518 1324 3603 conversis
1348 3519 1452 3587 etita

103 3617 270 3708 denique
300 3623 495 3710 praelatus
518 3627 626 3698 Pater
656 3629 825 3697 divinum
857 3628 1047 3714 ampliavit
1070 3626 1230 3710 cultum,
1263 3623 1365 3711 quod
1389 3623 1451 3710 pia

100 3727 317 3817 devotione,
337 3738 373 3802 et
388 3733 522 3804 Sancta
539 3736 730 3824 Religione
747 3737 895 3806 accensi
911 3734 1017 3804 multi
1033 3737 1229 3821 magnates
1244 3731 1350 3800 istius
1367 3732 1453 3799 Pro-

105 3837 251 3906 vinciae
277 3840 378 3909 varia
403 3840 541 3910 dedere
565 3843 663 3912 bona
687 3845 779 3930 ipsis
802 3842 983 3928 Eremitis‚
1008 3843 1103 3910 inter
1119 3857 1217 3927 quos
1239 3837 1451 3926 singulares

102 3943 268 4032 luerunt,
285 3947 406 4032 primo
420 3947 621 4019 Goffredus
637 3951 684 4020 de
697 3951 880 4020 Loretello
893 3951 1029 4019 Comes
1042 3945 1256 4032 Catanzarii,
1270 3946 1334 4032 qui
1350 3964 1450 4012 anno

106 4051 307 4122 millesimo
332 4055 536 4124 centesimo
560 4058 705 4128 decimo
730 4061 848 4145 sexto,
881 4057 974 4125 dum
997 4055 1122 4126 adhuc
1146 4050 1450 4123 adolescentulus
1491 4084 1494 4090 ·

102 4165 207 4228 esset
231 4179 307 4228 una
318 4179 412 4232 cum
429 4163 536 4232 Berta
561 4165 679 4234 Matre
695 4186 764 4235 sua
785 4166 885 4235 dedit
899 4183 968 4253 pro
984 4183 1116 4234 amore
1132 4162 1206 4248 Dei,
1232 4163 1268 4228 et
1283 4157 1449 4228 remedio

101 4267 258 4337 animae
283 4269 402 4338 Patris
425 4273 493 4358 sui,
519 4278 554 4342 et
577 4276 745 4343 omnium
765 4277 964 4346 Parentum
984 4293 1142 4344 suorum
1159 4272 1346 4344 Ecclesiae
1363 4271 1451 4340 San-

101 4378 186 4442 ctae
210 4373 352 4443 Mariae
375 4375 423 4445 de
442 4379 560 4466 Turri,
585 4386 621 4449 et
635 4382 814 4469 Magistro
830 4383 1000 4452 Lanuino
1025 4381 1227 4450 nonnullas
1243 4384 1362 4447 terras
1378 4377 1452 4445 cul·

105 4481 162 4548 tas
185 4484 222 4550 et
246 4478 405 4552 incultas
432 4503 521 4553 cum
546 4486 663 4556 vineis
692 4493 727 4558 et
750 4489 867 4576 sylvis
897 4490 933 4556 in
960 4489 1162 4558 tenimento
1190 4483 1374 4570 Badulati,
1404 4503 1450 4552 ac

105 4586 214 4654 etiam
240 4589 368 4658 omnia
393 4610 490 4678 quae
507 4598 682 4680 parentes
699 4596 779 4664 eius
802 4595 838 4662 in
856 4595 989 4666 eodem
1007 4595 1209 4664 tenimento
1234 4591 1354 4662 eidem
1375 4606 1452 4658 ma·
