3674 5262
324 209 362 272 tt
850 233 892 277 ux
914 233 940 276 s.
958 231 987 278 c.
1008 231 1128 277 niruuu

324 332 409 414 pote
433 328 497 414 qui
522 327 697 398 historiae
721 332 780 400 sui
803 332 951 402 Ordinis
974 332 1132 418 scriptor
1155 335 1365 416 accuratus,
1390 349 1434 400 ac
1458 331 1661 418 expertissi

325 453 414 503 mus
436 441 617 522 perpetuo
643 437 792 508 babitus
815 438 890 508 luit.
916 440 1000 526 lpse
1024 439 1123 508 enim
1148 440 1196 508 de
1217 439 1311 507 Ven.
1335 439 1504 508 Lanuino
1521 437 1665 506 scribit:

328 543 421 610 «Ex
443 544 753 613 Normannorum
778 551 897 635 gente,
922 565 1020 634 quae
1044 546 1093 616 ad
1117 545 1259 616 Italiam
1274 545 1323 616 ad
1340 545 1521 615 auxilium
1539 544 1667 613 catbo-
1691 593 1694 598 -

326 648 418 718 licae
441 651 629 721 Ecclesiae
653 653 908 740 descenderat,
932 653 1043 723 traxit
1065 654 1258 741 originem,
1283 653 1347 740 qui
1370 656 1444 722 tota
1480 650 1556 720 lere
1591 649 1665 718 vita

325 775 408 842 sua,
423 755 472 826 ub
488 755 570 844 ipso
588 757 752 847 infantia
768 759 805 828 in
832 759 926 830 Urbe
946 761 1068 830 Romo
1084 760 1246 846 degerat,
1263 759 1467 828 litterarum
1483 757 1665 842 omnium,

326 866 363 932 et
385 881 535 933 morum
562 885 703 936 vacans
726 867 868 955 studiis,
893 887 937 938 ac
961 867 1174 956 disciplinis,
1199 872 1235 936 et
1259 871 1401 937 tantum
1433 867 1469 934 in
1493 865 1562 934 illis
1585 883 1667 951 pro·

326 989 502 1058 gressum
520 973 657 1060 habuit,
674 979 714 1042 ut
730 975 1054 1046 excellentioribus
1070 975 1105 1043 in
1123 993 1168 1044 eo
1184 993 1323 1064 genere
1339 975 1666 1060 compararetur».

395 1081 518 1160 Quare
543 1081 636 1150 Ven.
661 1083 856 1151 Lanuinus
879 1101 902 1152 a
925 1082 1044 1169 prima
1070 1081 1128 1150 sui
1152 1080 1306 1168 pueritia
1333 1098 1454 1168 usque
1477 1077 1525 1148 ad
1548 1081 1665 1146 totam

326 1204 420 1256 suae
447 1187 539 1256 vitae
557 1188 846 1258 adolescentiam
863 1188 1245 1276 praeclaro'scientiae
1258 1191 1489 1273 ornamento
1503 1203 1668 1253 morum-

327 1311 402 1380 que
426 1294 632 1365 innocentia
659 1297 784 1364 eluxit.
809 1297 1014 1366 Purissima
1040 1295 1107 1364 lux
1137 1295 1231 1364 baec
1257 1293 1319 1362 diu
1344 1293 1456 1363 latere
1480 1291 1582 1362 haud
1605 1309 1669 1378 po·

327 1399 402 1485 tuit,
428 1401 495 1469 sed
520 1402 614 1470 luxit
636 1422 764 1473 coram
790 1403 1007 1472 bominibus
1030 1403 1164 1472 virtute
1187 1421 1231 1472 ac
1255 1400 1428 1490 dignitate
1444 1397 1666 1486 conspicuis

327 1505 376 1574 ita
400 1512 441 1574 ut
464 1507 659 1578 Lanuinus
683 1515 810 1578 noster
833 1510 955 1596 prima
979 1530 1001 1580 a
1024 1529 1094 1579 sua
1119 1510 1269 1578 iuventa
1292 1507 1576 1595 acceptissimus
1602 1504 1669 1575 fuit

328 1612 506 1683 Praelatis
531 1615 663 1685 Curiae
688 1619 893 1703 Romanae,
919 1604 963 1686 ac
987 1616 1121 1686 deinde
1145 1616 1215 1702 ipsi
1239 1615 1275 1686 S.
1299 1613 1475 1700 Brunoni,
1500 1613 1562 1700 qui
1580 1617 1669 1682 tunc

327 1720 509 1804 temporis
532 1721 677 1791 Romae
701 1723 815 1790 vitam
840 1723 1008 1808 ducebat,
1035 1741 1190 1808 operam
1213 1739 1323 1790 suam
1355 1718 1605 1807 impendendo
1630 1719 1666 1785 in

329 1827 514 1896 obeundis
540 1828 796 1916 legationibus,
821 1848 866 1899 ac
889 1829 1055 1917 negociis
1078 1831 1338 1898 Romanorum
1363 1825 1595 1916 Pontificum,
1620 1831 1670 1896 at-

329 1953 404 2021 que
427 1936 663 2022 Apostolieae
687 1937 804 2008 Sedis.
832 1938 887 2006 Ob
910 1937 1125 2024 praeclaras
1150 1938 1305 2022 uirtutes
1328 1936 1466 2024 quibus
1489 1937 1583 2004 Ven.
1600 1937 1668 2005 La·

330 2041 469 2110 nuinus
493 2035 662 2130 enitebat,
689 2046 901 2114 Patriarcha
925 2046 1052 2112 Bruno
1077 2063 1164 2113 eum
1189 2043 1299 2113 valde
1322 2043 1457 2131 dilexit,
1475 2043 1619 2130 sibique
1631 2043 1668 2111 in

327 2148 475 2216 socium
500 2155 535 2219 et
558 2151 732 2220 comitem
757 2152 912 2220 adscivit
934 2151 970 2218 in
995 2149 1198 2220 fundandis
1229 2138 1564 2220 Cartbusianorum
1590 2153 1671 2218 Mo-

328 2256 520 2340 nasteriis,
557 2258 694 2344 quibus
728 2260 860 2329 ardua·
882 2259 974 2328 ratio
1010 2259 1106 2327 vitae
1135 2258 1354 2327 Eremiticae
1389 2277 1410 2326 a
1444 2258 1588 2326 vocatis
1619 2259 1667 2326 ad

329 2361 433 2431 hunc
460 2363 773 2450 perfectissimum
808 2370 949 2436 statum
984 2363 1157 2435 ducenda
1188 2369 1276 2434 erat.
1313 2363 1547 2434 Perarduam
1584 2384 1669 2435 esse

331 2470 427 2539 vitae
459 2471 651 2558 rationem,
688 2473 933 2560 apprimeque
969 2471 1260 2560 perfectioribus
1286 2471 1475 2560 Evangelii
1508 2470 1671 2541 consiliis

330 2593 549 2664 consonam,
575 2599 624 2648 ex
648 2599 693 2649 eo
717 2581 936 2667 inspicimus
960 2580 1036 2650 lere
1054 2580 1228 2665 intuitive‚
1253 2578 1354 2667 quod
1391 2579 1478 2647 huic
1512 2595 1671 2664 asperae

329 2683 425 2754 vitae
450 2686 595 2772 addicti,
621 2687 735 2755 vitam
760 2689 902 2757 ducunt
924 2689 960 2756 in
991 2687 1135 2756 mundo
1170 2687 1317 2773 absque
1351 2687 1506 2773 mund0‚
1532 2703 1669 2772 nempe

328 2789 475 2878 absque
498 2792 568 2860 illis
592 2794 748 2881 auxiliis
763 2794 1019 2880 solaminibus
1037 2795 1406 2880 recreationibusque
1427 2792 1540 2879 licitis
1558 2797 1671 2880 atque

331 2895 509 2989 honestis,
534 2920 632 2986 quae
656 2901 766 2970 etiam
792 2902 851 2988 pie
876 2902 1087 2971 viventibus
1111 2902 1282 2970 mundus
1306 2899 1469 2987 praebet.

398 3008 453 3076 Re
477 3027 569 3077 sane
594 3028 684 3078 vera
700 3009 927 3079 eremiticam
946 3009 1060 3080 vitam
1077 3009 1124 3078 ad
1142 3027 1316 3078 normam
1334 3007 1670 3077 Cartbusianorum

330 3113 643 3184 Constitutionum
680 3125 910 3206 exercentes,
950 3119 1144 3206 propriam
1178 3116 1356 3186 familiam
1381 3116 1570 3202 deserunt,
1595 3135 1670 3184 non

331 3239 421 3289 cum
445 3222 516 3292 alia
541 3220 678 3293 furnilia
703 3224 874 3313 religiosa
900 3245 985 3295 eam
1009 3227 1252 3310 commutant,
1285 3221 1609 3309 quemadmodum
1635 3224 1671 3292 in

333 3327 414 3396 aliis
438 3330 605 3398 virorum
629 3332 866 3400 ltlonasteriis
890 3352 988 3420 quae
1013 3333 1126 3400 vitam
1150 3332 1278 3398 minus
1293 3330 1469 3412 strictam,
1484 3347 1674 3416 asperam-

334 3453 408 3521 que
432 3437 583 3525 ducunt,
609 3439 802 3526 contingit;
822 3440 890 3508 sed
913 3444 954 3508 ut
987 3438 1227 3524 sibimetipsis
1259 3438 1395 3521 vivant,
1431 3441 1613 3522 perpetuo
1638 3441 1675 3505 et

333 3542 406 3610 sub
430 3543 572 3612 silentio
597 3551 748 3632 tempus
771 3547 1005 3616 insumentes
1029 3546 1063 3613 in
1097 3563 1224 3614 rerum
1261 3543 1478 3612 coelestium
1513 3547 1674 3611 contem·

334 3649 505 3736 platione,
531 3671 736 3740 rerumque
762 3653 1026 3741 temporalium
1051 3659 1278 3738 contemptu,
1304 3651 1338 3716 in
1364 3649 1603 3734 orationibus
1628 3669 1674 3720 ao

333 3757 457 3826 divina
474 3759 682 3844 psalmodia
699 3761 897 3846 recitanda,
916 3763 951 3828 in
967 3761 1135 3846 corporis
1151 3759 1342 3845 animique
1359 3755 1672 3826 afflictationibus.

335 3864 498 3933 Istorum
523 3871 579 3936 est
602 3869 797 3938 notissimo
822 3870 885 3939 SS.
910 3869 1123 3956 Scripturae
1146 3867 1242 3936 dicto
1270 3865 1386 3934 «Vae
1402 3863 1506 3932 soli»
1528 3868 1674 3933 contra-

334 3991 476 4058 ponere
500 3974 600 4044 aliud
624 3977 795 4045 eiusdem
831 3976 979 4045 divinae
1005 3975 1218 4062 Scripturae
1244 3973 1309 4041 «O
1332 3972 1438 4040 beata
1463 3971 1672 4040 solitudo».

333 4079 433 4149 Vere
458 4081 557 4149 enim
582 4082 689 4152 beata
713 4083 807 4152 baec
831 4083 990 4151 solitudo
1015 4081 1063 4150 ad
1088 4098 1262 4150 normam
1287 4097 1337 4146 ss.
1362 4077 1488 4164 legum
1512 4077 1562 4165 [S.
1587 4078 1675 4146 Bru-

334 4186 444 4255 nonis
466 4191 670 4259 transacta!
698 4190 738 4256 ln
764 4209 807 4258 ea
833 4208 907 4258 non
932 4188 1095 4276 amplius
1119 4187 1339 4273 inspicimus
1370 4185 1543 4253 homines
1573 4203 1673 4253 mor-

333 4293 436 4381 taleS,
461 4293 621 4384 fragiles
647 4297 744 4366 lutea
770 4315 861 4366 vasa
886 4301 1086 4382 portantes
1113 4295 1175 4382 qui
1194 4292 1333 4362 faciunt
1348 4290 1492 4360 fructus
1508 4292 1543 4358 in
1561 4310 1675 4378 angu-

334 4401 414 4488 stia,
439 4405 506 4473 sed
532 4405 668 4474 heroas
692 4403 784 4489 illos,
809 4403 873 4490 qui
898 4402 1159 4471 mortalitatem
1183 4401 1372 4484 deserunt,
1397 4416 1443 4466 eo
1468 4397 1569 4484 quod
1600 4398 1675 4468 the·

334 4525 472 4578 sauros
495 4529 564 4598 pro
589 4509 789 4579 immortali
814 4527 930 4598 regno
954 4509 1104 4578 coelesti
1128 4505 1391 4590 thesaurizant,
1416 4503 1478 4591 qui
1503 4502 1675 4574 infirmae
