<?xml version="1.0" encoding="UTF-8"?>
<!DOCTYPE html PUBLIC "-//W3C//DTD XHTML 1.0 Transitional//EN"
    "http://www.w3.org/TR/xhtml1/DTD/xhtml1-transitional.dtd">
<html xmlns="http://www.w3.org/1999/xhtml" xml:lang="en" lang="en">
 <head>
  <title>
</title>
<meta http-equiv="Content-Type" content="text/html;charset=utf-8" />
  <meta name='ocr-system' content='tesseract 3.04.00' />
  <meta name='ocr-capabilities' content='ocr_page ocr_carea ocr_par ocr_line ocrx_word'/>
</head>
<body>
  <div class='ocr_page' id='page_1' title='image "actasanctaesedi01popegoog_0061.png"; bbox 0 0 3674 5262; ppageno 0'>
   <div class='ocr_carea' id='block_1_1' title="bbox 332 164 1151 226">
    <p class='ocr_par' dir='ltr' id='par_1_1' title="bbox 332 164 1151 226">
     <span class='ocr_line' id='line_1_1' title="bbox 332 164 1151 226; baseline 0 -2"><span class='ocrx_word' id='word_1_1' title='bbox 332 164 374 226; x_wconf 74' lang='lat' dir='ltr'>tit</span> <span class='ocrx_word' id='word_1_2' title='bbox 855 181 897 226; x_wconf 82' lang='lat' dir='ltr'>nx</span> <span class='ocrx_word' id='word_1_3' title='bbox 923 181 951 226; x_wconf 82' lang='lat' dir='ltr'>s,</span> <span class='ocrx_word' id='word_1_4' title='bbox 975 181 1006 226; x_wconf 86' lang='lat' dir='ltr'>c.</span> <span class='ocrx_word' id='word_1_5' title='bbox 1029 179 1151 225; x_wconf 79' lang='lat' dir='ltr'>urrann</span> 
     </span>
    </p>
   </div>
   <div class='ocr_carea' id='block_1_2' title="bbox 338 277 1682 463">
    <p class='ocr_par' dir='ltr' id='par_1_2' title="bbox 338 277 1682 463">
     <span class='ocr_line' id='line_1_2' title="bbox 514 277 1419 368; baseline 0 -18"><span class='ocrx_word' id='word_1_6' title='bbox 514 347 516 350; x_wconf 84' lang='grc'><strong>,</strong></span> <span class='ocrx_word' id='word_1_7' title='bbox 609 293 808 356; x_wconf 62' lang='lat' dir='ltr'>violaturus</span> <span class='ocrx_word' id='word_1_8' title='bbox 828 299 975 368; x_wconf 74' lang='lat' dir='ltr'>apostolici</span> <span class='ocrx_word' id='word_1_9' title='bbox 997 298 1142 355; x_wconf 67' lang='lat' dir='ltr'>berotitae</span> <span class='ocrx_word' id='word_1_10' title='bbox 1161 277 1419 366; x_wconf 68' lang='lat' dir='ltr'>septentrionalis.¹</span> 
     </span>
     <span class='ocr_line' id='line_1_3' title="bbox 338 381 1682 463; baseline -0.007 -19"><span class='ocrx_word' id='word_1_11' title='bbox 338 386 451 444; x_wconf 78' lang='lat' dir='ltr'>nubtum</span> <span class='ocrx_word' id='word_1_12' title='bbox 471 390 558 458; x_wconf 65' lang='lat' dir='ltr'>auom</span> <span class='ocrx_word' id='word_1_13' title='bbox 579 390 730 446; x_wconf 78' lang='lat' dir='ltr'>orationem</span> <span class='ocrx_word' id='word_1_14' title='bbox 750 391 893 448; x_wconf 74' lang='lat' dir='ltr'>dicendam</span> <span class='ocrx_word' id='word_1_15' title='bbox 913 403 993 458; x_wconf 74' lang='lat' dir='ltr'>quun</span> <span class='ocrx_word' id='word_1_16' title='bbox 1009 402 1034 447; x_wconf 72' lang='lat' dir='ltr'>s.</span> <span class='ocrx_word' id='word_1_17' title='bbox 1048 389 1163 446; x_wconf 73' lang='lat' dir='ltr'>loannes</span> <span class='ocrx_word' id='word_1_18' title='bbox 1182 387 1308 456; x_wconf 73' lang='lat' dir='ltr'>samua</span> <span class='ocrx_word' id='word_1_19' title='bbox 1322 382 1505 442; x_wconf 64' lang='lat' dir='ltr'>attitulat-lt</span> <span class='ocrx_word' id='word_1_20' title='bbox 1524 381 1682 463; x_wconf 69' lang='lat' dir='ltr'>acclesiae„</span> 
     </span>
    </p>
   </div>
   <div class='ocr_carea' id='block_1_3' title="bbox 238 527 1692 1893">
    <p class='ocr_par' dir='ltr' id='par_1_3' title="bbox 298 527 1687 1248">
     <span class='ocr_line' id='line_1_4' title="bbox 298 527 1685 622; baseline -0.004 -21"><span class='ocrx_word' id='word_1_21' title='bbox 298 541 300 554; x_wconf 85' lang='grc'><em>“</em></span> <span class='ocrx_word' id='word_1_22' title='bbox 425 534 547 602; x_wconf 83' lang='lat' dir='ltr'>anus</span> <span class='ocrx_word' id='word_1_23' title='bbox 570 535 612 601; x_wconf 88' lang='lat' dir='ltr'>D.</span> <span class='ocrx_word' id='word_1_24' title='bbox 636 536 713 603; x_wconf 93' lang='lat' dir='ltr'>Leo</span> <span class='ocrx_word' id='word_1_25' title='bbox 737 534 833 603; x_wconf 90' lang='lat' dir='ltr'>Haid</span> <span class='ocrx_word' id='word_1_26' title='bbox 858 533 897 602; x_wconf 92' lang='lat' dir='ltr'>O.</span> <span class='ocrx_word' id='word_1_27' title='bbox 923 534 958 602; x_wconf 85' lang='lat' dir='ltr'>S.</span> <span class='ocrx_word' id='word_1_28' title='bbox 983 535 1022 601; x_wconf 90' lang='lat' dir='ltr'>B.</span> <span class='ocrx_word' id='word_1_29' title='bbox 1039 532 1212 602; x_wconf 88' lang='lat' dir='ltr'>Vicarius</span> <span class='ocrx_word' id='word_1_30' title='bbox 1228 529 1466 622; x_wconf 74' lang='lat' dir='ltr'>apostolicus</span> <span class='ocrx_word' id='word_1_31' title='bbox 1481 527 1685 598; x_wconf 84' lang='lat' dir='ltr'>Carolinae</span> 
     </span>
     <span class='ocr_line' id='line_1_5' title="bbox 335 635 1679 728; baseline -0.004 -21"><span class='ocrx_word' id='word_1_32' title='bbox 335 638 690 728; x_wconf 71' lang='lat' dir='ltr'>septentrionalem</span> <span class='ocrx_word' id='word_1_33' title='bbox 707 640 920 710; x_wconf 90' lang='lat' dir='ltr'>Foederatis</span> <span class='ocrx_word' id='word_1_34' title='bbox 936 639 1134 708; x_wconf 78' lang='lat' dir='ltr'>Americae</span> <span class='ocrx_word' id='word_1_35' title='bbox 1150 637 1354 707; x_wconf 74' lang='lat' dir='ltr'>Provinciis</span> <span class='ocrx_word' id='word_1_36' title='bbox 1370 636 1508 705; x_wconf 77' lang='lat' dir='ltr'>Sacrae</span> <span class='ocrx_word' id='word_1_37' title='bbox 1523 635 1679 702; x_wconf 87' lang='lat' dir='ltr'>Rituum</span> 
     </span>
     <span class='ocr_line' id='line_1_6' title="bbox 336 739 1687 834; baseline -0.006 -20"><span class='ocrx_word' id='word_1_38' title='bbox 336 745 619 834; x_wconf 81' lang='lat' dir='ltr'>Congregationi</span> <span class='ocrx_word' id='word_1_39' title='bbox 644 765 809 834; x_wconf 86' lang='lat' dir='ltr'>sequens</span> <span class='ocrx_word' id='word_1_40' title='bbox 832 747 997 817; x_wconf 89' lang='lat' dir='ltr'>Dubium</span> <span class='ocrx_word' id='word_1_41' title='bbox 1018 764 1090 834; x_wconf 90' lang='lat' dir='ltr'>pro</span> <span class='ocrx_word' id='word_1_42' title='bbox 1115 749 1325 834; x_wconf 90' lang='lat' dir='ltr'>opportuna</span> <span class='ocrx_word' id='word_1_43' title='bbox 1342 743 1526 812; x_wconf 89' lang='lat' dir='ltr'>solutione</span> <span class='ocrx_word' id='word_1_44' title='bbox 1547 739 1687 809; x_wconf 88' lang='lat' dir='ltr'>humil--</span> 
     </span>
     <span class='ocr_line' id='line_1_7' title="bbox 335 845 1687 940; baseline -0.004 -20"><span class='ocrx_word' id='word_1_45' title='bbox 335 851 422 920; x_wconf 89' lang='lat' dir='ltr'>lime</span> <span class='ocrx_word' id='word_1_46' title='bbox 445 853 611 940; x_wconf 81' lang='lat' dir='ltr'>subiecit,</span> <span class='ocrx_word' id='word_1_47' title='bbox 636 854 832 922; x_wconf 90' lang='lat' dir='ltr'>nimirum:</span> <span class='ocrx_word' id='word_1_48' title='bbox 851 875 869 916; x_wconf 71' lang='lat' dir='ltr'>r</span> <span class='ocrx_word' id='word_1_49' title='bbox 886 853 927 920; x_wconf 93' lang='lat' dir='ltr'>ln</span> <span class='ocrx_word' id='word_1_50' title='bbox 951 851 1126 922; x_wconf 88' lang='lat' dir='ltr'>Ecclesiis</span> <span class='ocrx_word' id='word_1_51' title='bbox 1149 869 1312 938; x_wconf 87' lang='lat' dir='ltr'>quarum</span> <span class='ocrx_word' id='word_1_52' title='bbox 1330 851 1517 918; x_wconf 79' lang='lat' dir='ltr'>Patronus</span> <span class='ocrx_word' id='word_1_53' title='bbox 1537 865 1606 916; x_wconf 91' lang='lat' dir='ltr'>seu</span> <span class='ocrx_word' id='word_1_54' title='bbox 1623 845 1687 914; x_wconf 72' lang='lat' dir='ltr'>Ti·-v</span> 
     </span>
     <span class='ocr_line' id='line_1_8' title="bbox 334 955 1677 1050; baseline -0.006 -22"><span class='ocrx_word' id='word_1_55' title='bbox 334 960 464 1029; x_wconf 84' lang='lat' dir='ltr'>talaris</span> <span class='ocrx_word' id='word_1_56' title='bbox 484 965 540 1030; x_wconf 90' lang='lat' dir='ltr'>est</span> <span class='ocrx_word' id='word_1_57' title='bbox 555 961 900 1050; x_wconf 82' lang='lat' dir='ltr'>Sanctusloannes</span> <span class='ocrx_word' id='word_1_58' title='bbox 923 961 1095 1048; x_wconf 85' lang='lat' dir='ltr'>Baptista,</span> <span class='ocrx_word' id='word_1_59' title='bbox 1113 977 1277 1048; x_wconf 84' lang='lat' dir='ltr'>quanam</span> <span class='ocrx_word' id='word_1_60' title='bbox 1304 957 1469 1026; x_wconf 91' lang='lat' dir='ltr'>oratione</span> <span class='ocrx_word' id='word_1_61' title='bbox 1494 955 1677 1024; x_wconf 88' lang='lat' dir='ltr'>utendum</span> 
     </span>
     <span class='ocr_line' id='line_1_9' title="bbox 334 1061 1681 1160; baseline -0.005 -25"><span class='ocrx_word' id='word_1_62' title='bbox 334 1071 393 1136; x_wconf 92' lang='lat' dir='ltr'>est</span> <span class='ocrx_word' id='word_1_63' title='bbox 419 1086 488 1154; x_wconf 91' lang='lat' dir='ltr'>pro</span> <span class='ocrx_word' id='word_1_64' title='bbox 522 1065 702 1155; x_wconf 84' lang='lat' dir='ltr'>suffragio</span> <span class='ocrx_word' id='word_1_65' title='bbox 731 1067 900 1137; x_wconf 88' lang='lat' dir='ltr'>eiusdem</span> <span class='ocrx_word' id='word_1_66' title='bbox 937 1069 972 1135; x_wconf 93' lang='lat' dir='ltr'>in</span> <span class='ocrx_word' id='word_1_67' title='bbox 1008 1066 1201 1136; x_wconf 78' lang='lat' dir='ltr'>Laudibus</span> <span class='ocrx_word' id='word_1_68' title='bbox 1236 1070 1272 1135; x_wconf 90' lang='lat' dir='ltr'>et</span> <span class='ocrx_word' id='word_1_69' title='bbox 1303 1064 1491 1160; x_wconf 80' lang='lat' dir='ltr'>Vesperis,</span> <span class='ocrx_word' id='word_1_70' title='bbox 1522 1061 1681 1132; x_wconf 80' lang='lat' dir='ltr'>scilicet:</span> 
     </span>
     <span class='ocr_line' id='line_1_10' title="bbox 334 1171 1550 1248; baseline -0.008 -6"><span class='ocrx_word' id='word_1_71' title='bbox 334 1175 507 1248; x_wconf 75' lang='lat' dir='ltr'>Oratione</span> <span class='ocrx_word' id='word_1_72' title='bbox 530 1176 577 1244; x_wconf 91' lang='lat' dir='ltr'>de</span> <span class='ocrx_word' id='word_1_73' title='bbox 600 1175 793 1246; x_wconf 80' lang='lat' dir='ltr'>Nativitate</span> <span class='ocrx_word' id='word_1_74' title='bbox 817 1193 866 1244; x_wconf 90' lang='lat' dir='ltr'>an</span> <span class='ocrx_word' id='word_1_75' title='bbox 890 1175 937 1244; x_wconf 91' lang='lat' dir='ltr'>de</span> <span class='ocrx_word' id='word_1_76' title='bbox 960 1173 1209 1243; x_wconf 89' lang='lat' dir='ltr'>Decollatione</span> <span class='ocrx_word' id='word_1_77' title='bbox 1229 1171 1550 1242; x_wconf 78' lang='lat' dir='ltr'>Praecursorisf»</span> 
     </span>
    </p>

    <p class='ocr_par' dir='ltr' id='par_1_4' title="bbox 334 1275 1692 1800">
     <span class='ocr_line' id='line_1_11' title="bbox 422 1275 1683 1370; baseline -0.003 -20"><span class='ocrx_word' id='word_1_78' title='bbox 422 1283 467 1353; x_wconf 88' lang='lat' dir='ltr'>Et</span> <span class='ocrx_word' id='word_1_79' title='bbox 490 1282 604 1352; x_wconf 85' lang='lat' dir='ltr'>Sacra</span> <span class='ocrx_word' id='word_1_80' title='bbox 629 1282 762 1352; x_wconf 88' lang='lat' dir='ltr'>eadem</span> <span class='ocrx_word' id='word_1_81' title='bbox 786 1281 1041 1370; x_wconf 72' lang='lat' dir='ltr'>congregatio</span> <span class='ocrx_word' id='word_1_82' title='bbox 1066 1281 1114 1351; x_wconf 87' lang='lat' dir='ltr'>ad</span> <span class='ocrx_word' id='word_1_83' title='bbox 1140 1279 1356 1350; x_wconf 79' lang='lat' dir='ltr'>relationem</span> <span class='ocrx_word' id='word_1_84' title='bbox 1373 1277 1592 1365; x_wconf 80' lang='lat' dir='ltr'>infrascripti</span> <span class='ocrx_word' id='word_1_85' title='bbox 1616 1275 1683 1346; x_wconf 88' lang='lat' dir='ltr'>Se-</span> 
     </span>
     <span class='ocr_line' id='line_1_12' title="bbox 334 1387 1678 1478; baseline -0.002 -19"><span class='ocrx_word' id='word_1_86' title='bbox 334 1390 487 1475; x_wconf 87' lang='lat' dir='ltr'>cretarii,</span> <span class='ocrx_word' id='word_1_87' title='bbox 512 1391 698 1477; x_wconf 84' lang='lat' dir='ltr'>exquisito</span> <span class='ocrx_word' id='word_1_88' title='bbox 723 1395 809 1460; x_wconf 92' lang='lat' dir='ltr'>voto</span> <span class='ocrx_word' id='word_1_89' title='bbox 833 1390 986 1460; x_wconf 89' lang='lat' dir='ltr'>alterius</span> <span class='ocrx_word' id='word_1_90' title='bbox 1009 1410 1059 1462; x_wconf 83' lang='lat' dir='ltr'>ex</span> <span class='ocrx_word' id='word_1_91' title='bbox 1082 1391 1383 1478; x_wconf 78' lang='lat' dir='ltr'>Apostolicorum</span> <span class='ocrx_word' id='word_1_92' title='bbox 1419 1387 1678 1476; x_wconf 87' lang='lat' dir='ltr'>Caeremonia-</span> 
     </span>
     <span class='ocr_line' id='line_1_13' title="bbox 334 1494 1687 1587; baseline -0.001 -22"><span class='ocrx_word' id='word_1_93' title='bbox 334 1517 420 1567; x_wconf 94' lang='lat' dir='ltr'>rum</span> <span class='ocrx_word' id='word_1_94' title='bbox 444 1497 715 1587; x_wconf 69' lang='lat' dir='ltr'>Magistris,&#39;ita</span> <span class='ocrx_word' id='word_1_95' title='bbox 739 1498 929 1585; x_wconf 88' lang='lat' dir='ltr'>proposito</span> <span class='ocrx_word' id='word_1_96' title='bbox 954 1497 1073 1567; x_wconf 90' lang='lat' dir='ltr'>Dubio</span> <span class='ocrx_word' id='word_1_97' title='bbox 1099 1497 1383 1568; x_wconf 89' lang='lat' dir='ltr'>rescribendum</span> <span class='ocrx_word' id='word_1_98' title='bbox 1400 1497 1553 1582; x_wconf 81' lang='lat' dir='ltr'>censuit</span> <span class='ocrx_word' id='word_1_99' title='bbox 1579 1494 1687 1564; x_wconf 80' lang='lat' dir='ltr'>vide·</span> 
     </span>
     <span class='ocr_line' id='line_1_14' title="bbox 338 1601 1687 1690; baseline -0.004 -16"><span class='ocrx_word' id='word_1_100' title='bbox 338 1605 436 1674; x_wconf 88' lang='lat' dir='ltr'>licet:</span> <span class='ocrx_word' id='word_1_101' title='bbox 462 1605 665 1676; x_wconf 86' lang='lat' dir='ltr'>Recitanda</span> <span class='ocrx_word' id='word_1_102' title='bbox 688 1605 810 1674; x_wconf 90' lang='lat' dir='ltr'>Oratio</span> <span class='ocrx_word' id='word_1_103' title='bbox 835 1606 884 1676; x_wconf 90' lang='lat' dir='ltr'>de</span> <span class='ocrx_word' id='word_1_104' title='bbox 907 1603 999 1674; x_wconf 85' lang='lat' dir='ltr'>festo</span> <span class='ocrx_word' id='word_1_105' title='bbox 1022 1605 1237 1690; x_wconf 65' lang='lat' dir='ltr'>Nativitatis‘,</span> <span class='ocrx_word' id='word_1_106' title='bbox 1262 1607 1455 1674; x_wconf 88' lang='lat' dir='ltr'>immutata</span> <span class='ocrx_word' id='word_1_107' title='bbox 1483 1619 1575 1671; x_wconf 88' lang='lat' dir='ltr'>voce</span> <span class='ocrx_word' id='word_1_108' title='bbox 1601 1601 1687 1670; x_wconf 83' lang='lat' dir='ltr'>Na·-</span> 
     </span>
     <span class='ocr_line' id='line_1_15' title="bbox 335 1710 1692 1800; baseline 0 -20"><span class='ocrx_word' id='word_1_109' title='bbox 335 1710 477 1780; x_wconf 82' lang='lat' dir='ltr'>tioitote</span> <span class='ocrx_word' id='word_1_110' title='bbox 499 1712 536 1788; x_wconf 88' lang='lat' dir='ltr'>in</span> <span class='ocrx_word' id='word_1_111' title='bbox 560 1729 695 1781; x_wconf 88' lang='lat' dir='ltr'>vocem</span> <span class='ocrx_word' id='word_1_112' title='bbox 724 1710 1089 1781; x_wconf 75' lang='lat' dir='ltr'>Commemoratione.</span> <span class='ocrx_word' id='word_1_113' title='bbox 1114 1714 1236 1800; x_wconf 87' lang='lat' dir='ltr'>Atque</span> <span class='ocrx_word' id='word_1_114' title='bbox 1261 1713 1309 1782; x_wconf 86' lang='lat' dir='ltr'>ita</span> <span class='ocrx_word' id='word_1_115' title='bbox 1333 1711 1522 1799; x_wconf 83' lang='lat' dir='ltr'>rescripsit</span> <span class='ocrx_word' id='word_1_116' title='bbox 1544 1714 1579 1779; x_wconf 93' lang='lat' dir='ltr'>et</span> <span class='ocrx_word' id='word_1_117' title='bbox 1602 1727 1692 1780; x_wconf 82' lang='lat' dir='ltr'>ser.</span> 
     </span>
    </p>

    <p class='ocr_par' dir='ltr' id='par_1_5' title="bbox 238 1815 952 1893">
     <span class='ocr_line' id='line_1_16' title="bbox 238 1815 952 1893; baseline 0 -4"><span class='ocrx_word' id='word_1_118' title='bbox 238 1815 242 1831; x_wconf 95' lang='lat'>&#39;</span> <span class='ocrx_word' id='word_1_119' title='bbox 334 1819 413 1889; x_wconf 86' lang='lat' dir='ltr'>vari</span> <span class='ocrx_word' id='word_1_120' title='bbox 438 1821 630 1893; x_wconf 83' lang='lat' dir='ltr'>mandavit</span> <span class='ocrx_word' id='word_1_121' title='bbox 653 1819 711 1888; x_wconf 90' lang='lat' dir='ltr'>die</span> <span class='ocrx_word' id='word_1_122' title='bbox 737 1820 829 1888; x_wconf 90' lang='lat' dir='ltr'>lunii</span> <span class='ocrx_word' id='word_1_123' title='bbox 855 1817 952 1889; x_wconf 89' lang='lat'>1893.</span> 
     </span>
    </p>
   </div>
   <div class='ocr_carea' id='block_1_4' title="bbox 199 1959 1788 2234">
    <p class='ocr_par' dir='ltr' id='par_1_6' title="bbox 199 1959 1788 2234">
     <span class='ocr_line' id='line_1_17' title="bbox 199 1959 1788 2068; baseline -0.009 -18"><span class='ocrx_word' id='word_1_124' title='bbox 199 2049 206 2068; x_wconf 77' lang='lat'>‚</span> <span class='ocrx_word' id='word_1_125' title='bbox 617 1977 653 2046; x_wconf 93' lang='lat' dir='ltr'>C.</span> <span class='ocrx_word' id='word_1_126' title='bbox 680 1977 790 2048; x_wconf 79' lang='lat' dir='ltr'>Cnan.</span> <span class='ocrx_word' id='word_1_127' title='bbox 816 1977 1222 2048; x_wconf 84' lang='lat' dir='ltr'>ALOISl-MASELLA</span> <span class='ocrx_word' id='word_1_128' title='bbox 1247 1978 1283 2048; x_wconf 83' lang='lat' dir='ltr'>S.</span> <span class='ocrx_word' id='word_1_129' title='bbox 1309 1980 1352 2047; x_wconf 90' lang='lat' dir='ltr'>R.</span> <span class='ocrx_word' id='word_1_130' title='bbox 1378 1978 1413 2048; x_wconf 85' lang='lat' dir='ltr'>C.</span> <span class='ocrx_word' id='word_1_131' title='bbox 1440 1973 1684 2064; x_wconf 76' lang='lat' dir='ltr'>Praefectus..</span> <span class='ocrx_word' id='word_1_132' title='bbox 1784 1959 1788 1968; x_wconf 82' lang='lat'>&#39;</span> 
     </span>
     <span class='ocr_line' id='line_1_18' title="bbox 333 2067 1506 2234; baseline -0.005 -6"><span class='ocrx_word' id='word_1_133' title='bbox 333 2069 373 2134; x_wconf 40' lang='lat' dir='ltr'>L·</span> <span class='ocrx_word' id='word_1_134' title='bbox 403 2075 439 2144; x_wconf 40' lang='grc' dir='ltr'>ᾖ</span> <span class='ocrx_word' id='word_1_135' title='bbox 467 2067 502 2136; x_wconf 35' lang='lat' dir='ltr'>S·</span> <span class='ocrx_word' id='word_1_136' title='bbox 864 2156 1091 2226; x_wconf 83' lang='lat' dir='ltr'>Vrncnnnus</span> <span class='ocrx_word' id='word_1_137' title='bbox 1116 2157 1225 2226; x_wconf 83' lang='lat' dir='ltr'>Nussr</span> <span class='ocrx_word' id='word_1_138' title='bbox 1252 2153 1506 2234; x_wconf 62' lang='lat' dir='ltr'>Secreturius„</span> 
     </span>
    </p>
   </div>
   <div class='ocr_carea' id='block_1_5' title="bbox 834 2317 1183 2336">
    <p class='ocr_par' dir='ltr' id='par_1_7' title="bbox 834 2317 1183 2336">
     <span class='ocr_line' id='line_1_19' title="bbox 834 2317 1183 2336; baseline 0.006 -2"><span class='ocrx_word' id='word_1_139' title='bbox 834 2317 1183 2336; x_wconf 58' lang='lat' dir='ltr'>mmm</span> 
     </span>
    </p>
   </div>
   <div class='ocr_carea' id='block_1_6' title="bbox 491 2405 1514 2504">
    <p class='ocr_par' dir='ltr' id='par_1_8' title="bbox 491 2405 1514 2504">
     <span class='ocr_line' id='line_1_20' title="bbox 491 2405 1514 2504; baseline 0 -22"><span class='ocrx_word' id='word_1_140' title='bbox 491 2423 620 2483; x_wconf 71' lang='lat' dir='ltr'>Pontus</span> <span class='ocrx_word' id='word_1_141' title='bbox 641 2423 779 2504; x_wconf 78' lang='lat' dir='ltr'>ludovici.</span> <span class='ocrx_word' id='word_1_142' title='bbox 799 2424 911 2480; x_wconf 81' lang='lat' dir='ltr'>bnblun</span> <span class='ocrx_word' id='word_1_143' title='bbox 932 2426 1020 2492; x_wconf 72' lang='lat' dir='ltr'>quoad</span> <span class='ocrx_word' id='word_1_144' title='bbox 1040 2439 1139 2494; x_wconf 72' lang='lat' dir='ltr'>preces</span> <span class='ocrx_word' id='word_1_145' title='bbox 1156 2426 1290 2483; x_wconf 76' lang='lat' dir='ltr'>dicendas</span> <span class='ocrx_word' id='word_1_146' title='bbox 1310 2405 1373 2495; x_wconf 74' lang='lat' dir='ltr'>ion</span> <span class='ocrx_word' id='word_1_147' title='bbox 1391 2426 1514 2482; x_wconf 70' lang='lat' dir='ltr'>niutan.</span> 
     </span>
    </p>
   </div>
   <div class='ocr_carea' id='block_1_7' title="bbox 158 2569 1687 4267">
    <p class='ocr_par' dir='ltr' id='par_1_9' title="bbox 314 2569 1687 3821">
     <span class='ocr_line' id='line_1_21' title="bbox 424 2569 1686 2657; baseline -0.001 -17"><span class='ocrx_word' id='word_1_148' title='bbox 424 2574 545 2640; x_wconf 85' lang='lat' dir='ltr'>Rmus</span> <span class='ocrx_word' id='word_1_149' title='bbox 569 2573 610 2639; x_wconf 92' lang='lat' dir='ltr'>D.</span> <span class='ocrx_word' id='word_1_150' title='bbox 633 2571 711 2639; x_wconf 91' lang='lat' dir='ltr'>Leo</span> <span class='ocrx_word' id='word_1_151' title='bbox 735 2571 880 2640; x_wconf 89' lang='lat' dir='ltr'>Meurin</span> <span class='ocrx_word' id='word_1_152' title='bbox 905 2569 1220 2656; x_wconf 73' lang='lat' dir='ltr'>archiepiscopus</span> <span class='ocrx_word' id='word_1_153' title='bbox 1237 2569 1443 2639; x_wconf 88' lang='lat' dir='ltr'>hodiernus</span> <span class='ocrx_word' id='word_1_154' title='bbox 1465 2570 1686 2657; x_wconf 84' lang='lat' dir='ltr'>Episcopus</span> 
     </span>
     <span class='ocr_line' id='line_1_22' title="bbox 333 2674 1679 2766; baseline -0.002 -20"><span class='ocrx_word' id='word_1_155' title='bbox 333 2680 468 2748; x_wconf 85' lang='lat' dir='ltr'>Portus</span> <span class='ocrx_word' id='word_1_156' title='bbox 491 2677 670 2747; x_wconf 79' lang='lat' dir='ltr'>Ludovici</span> <span class='ocrx_word' id='word_1_157' title='bbox 694 2677 832 2746; x_wconf 87' lang='lat' dir='ltr'>Sacrae</span> <span class='ocrx_word' id='word_1_158' title='bbox 857 2674 1009 2746; x_wconf 86' lang='lat' dir='ltr'>Rituum</span> <span class='ocrx_word' id='word_1_159' title='bbox 1026 2676 1310 2766; x_wconf 82' lang='lat' dir='ltr'>Congregationi</span> <span class='ocrx_word' id='word_1_160' title='bbox 1326 2697 1493 2766; x_wconf 89' lang='lat' dir='ltr'>sequens</span> <span class='ocrx_word' id='word_1_161' title='bbox 1509 2677 1679 2746; x_wconf 90' lang='lat' dir='ltr'>Dubium</span> 
     </span>
     <span class='ocr_line' id='line_1_23' title="bbox 332 2774 1678 2874; baseline -0.001 -21"><span class='ocrx_word' id='word_1_162' title='bbox 332 2804 401 2874; x_wconf 91' lang='lat' dir='ltr'>pro</span> <span class='ocrx_word' id='word_1_163' title='bbox 413 2789 635 2874; x_wconf 81' lang='lat' dir='ltr'>opportuna</span> <span class='ocrx_word' id='word_1_164' title='bbox 659 2784 842 2853; x_wconf 88' lang='lat' dir='ltr'>solutione</span> <span class='ocrx_word' id='word_1_165' title='bbox 866 2783 1072 2852; x_wconf 88' lang='lat' dir='ltr'>humillime</span> <span class='ocrx_word' id='word_1_166' title='bbox 1095 2784 1259 2870; x_wconf 82' lang='lat' dir='ltr'>subiecit</span> <span class='ocrx_word' id='word_1_167' title='bbox 1284 2785 1478 2854; x_wconf 90' lang='lat' dir='ltr'>nimirum:</span> <span class='ocrx_word' id='word_1_168' title='bbox 1496 2774 1620 2866; x_wconf 83' lang='lat' dir='ltr'>Quum</span> <span class='ocrx_word' id='word_1_169' title='bbox 1637 2783 1678 2852; x_wconf 90' lang='lat' dir='ltr'>in</span> 
     </span>
     <span class='ocr_line' id='line_1_24' title="bbox 332 2890 1687 2979; baseline -0.002 -18"><span class='ocrx_word' id='word_1_170' title='bbox 332 2893 559 2979; x_wconf 86' lang='lat' dir='ltr'>quibusdam</span> <span class='ocrx_word' id='word_1_171' title='bbox 585 2890 759 2960; x_wconf 88' lang='lat' dir='ltr'>Ecclesiis</span> <span class='ocrx_word' id='word_1_172' title='bbox 782 2909 878 2960; x_wconf 88' lang='lat' dir='ltr'>usus</span> <span class='ocrx_word' id='word_1_173' title='bbox 901 2890 1099 2963; x_wconf 89' lang='lat' dir='ltr'>invaluerit</span> <span class='ocrx_word' id='word_1_174' title='bbox 1121 2893 1308 2978; x_wconf 88' lang='lat' dir='ltr'>recitandi,</span> <span class='ocrx_word' id='word_1_175' title='bbox 1332 2897 1418 2978; x_wconf 89' lang='lat' dir='ltr'>post</span> <span class='ocrx_word' id='word_1_176' title='bbox 1448 2893 1583 2960; x_wconf 90' lang='lat' dir='ltr'>Missas</span> <span class='ocrx_word' id='word_1_177' title='bbox 1606 2891 1687 2978; x_wconf 81' lang='lat' dir='ltr'>pri·</span> 
     </span>
     <span class='ocr_line' id='line_1_25' title="bbox 332 2998 1681 3088; baseline 0 -22"><span class='ocrx_word' id='word_1_178' title='bbox 332 3005 439 3070; x_wconf 79' lang='lat' dir='ltr'>natas</span> <span class='ocrx_word' id='word_1_179' title='bbox 462 3017 560 3088; x_wconf 90' lang='lat' dir='ltr'>quae</span> <span class='ocrx_word' id='word_1_180' title='bbox 583 3017 651 3085; x_wconf 89' lang='lat' dir='ltr'>pro</span> <span class='ocrx_word' id='word_1_181' title='bbox 674 2999 875 3068; x_wconf 86' lang='lat' dir='ltr'>animabus</span> <span class='ocrx_word' id='word_1_182' title='bbox 898 2998 935 3066; x_wconf 92' lang='lat' dir='ltr'>in</span> <span class='ocrx_word' id='word_1_183' title='bbox 959 3001 1175 3088; x_wconf 82' lang='lat' dir='ltr'>purgatorio</span> <span class='ocrx_word' id='word_1_184' title='bbox 1199 3000 1356 3070; x_wconf 87' lang='lat' dir='ltr'>detentis</span> <span class='ocrx_word' id='word_1_185' title='bbox 1392 3002 1427 3068; x_wconf 95' lang='lat' dir='ltr'>in</span> <span class='ocrx_word' id='word_1_186' title='bbox 1463 2999 1578 3068; x_wconf 79' lang='lat' dir='ltr'>Alteri</span> <span class='ocrx_word' id='word_1_187' title='bbox 1602 2999 1681 3085; x_wconf 89' lang='lat' dir='ltr'>pri-</span> 
     </span>
     <span class='ocr_line' id='line_1_26' title="bbox 314 3107 1677 3198; baseline 0.001 -25"><span class='ocrx_word' id='word_1_188' title='bbox 314 3109 503 3198; x_wconf 76' lang='lat' dir='ltr'>‚vilegiato</span> <span class='ocrx_word' id='word_1_189' title='bbox 527 3108 773 3193; x_wconf 82' lang='lat' dir='ltr'>celebrantur,</span> <span class='ocrx_word' id='word_1_190' title='bbox 791 3107 920 3194; x_wconf 85' lang='lat' dir='ltr'>plures</span> <span class='ocrx_word' id='word_1_191' title='bbox 943 3127 1075 3195; x_wconf 89' lang='lat' dir='ltr'>preces</span> <span class='ocrx_word' id='word_1_192' title='bbox 1099 3109 1336 3197; x_wconf 85' lang='lat' dir='ltr'>indulgentiis</span> <span class='ocrx_word' id='word_1_193' title='bbox 1357 3109 1501 3190; x_wconf 69' lang='lat' dir='ltr'>ditatas</span> <span class='ocrx_word' id='word_1_194' title='bbox 1519 3107 1677 3177; x_wconf 87' lang='lat' dir='ltr'>scilicet:</span> 
     </span>
     <span class='ocr_line' id='line_1_27' title="bbox 333 3213 1675 3303; baseline 0 -19"><span class='ocrx_word' id='word_1_195' title='bbox 333 3218 385 3285; x_wconf 92' lang='lat' dir='ltr'>De</span> <span class='ocrx_word' id='word_1_196' title='bbox 408 3213 624 3303; x_wconf 82' lang='lat' dir='ltr'>profundis,</span> <span class='ocrx_word' id='word_1_197' title='bbox 648 3219 755 3295; x_wconf 88' lang='lat' dir='ltr'>actus</span> <span class='ocrx_word' id='word_1_198' title='bbox 789 3213 885 3300; x_wconf 83' lang='lat' dir='ltr'>fidei,</span> <span class='ocrx_word' id='word_1_199' title='bbox 911 3215 992 3302; x_wconf 91' lang='lat' dir='ltr'>spei</span> <span class='ocrx_word' id='word_1_200' title='bbox 1016 3221 1052 3284; x_wconf 88' lang='lat' dir='ltr'>et</span> <span class='ocrx_word' id='word_1_201' title='bbox 1074 3217 1249 3303; x_wconf 77' lang='lat' dir='ltr'>caritatiS,</span> <span class='ocrx_word' id='word_1_202' title='bbox 1275 3216 1311 3284; x_wconf 86' lang='lat' dir='ltr'>S.</span> <span class='ocrx_word' id='word_1_203' title='bbox 1337 3216 1409 3284; x_wconf 86' lang='lat' dir='ltr'>Cor</span> <span class='ocrx_word' id='word_1_204' title='bbox 1432 3214 1582 3300; x_wconf 89' lang='lat' dir='ltr'>Mariae,</span> <span class='ocrx_word' id='word_1_205' title='bbox 1607 3233 1675 3284; x_wconf 88' lang='lat' dir='ltr'>ora</span> 
     </span>
     <span class='ocr_line' id='line_1_28' title="bbox 331 3319 1686 3410; baseline 0.001 -21"><span class='ocrx_word' id='word_1_206' title='bbox 331 3329 400 3410; x_wconf 91' lang='lat' dir='ltr'>pro</span> <span class='ocrx_word' id='word_1_207' title='bbox 425 3323 541 3406; x_wconf 89' lang='lat' dir='ltr'>nobis,</span> <span class='ocrx_word' id='word_1_208' title='bbox 567 3325 602 3391; x_wconf 95' lang='lat' dir='ltr'>et</span> <span class='ocrx_word' id='word_1_209' title='bbox 625 3321 832 3390; x_wconf 90' lang='lat' dir='ltr'>orationem</span> <span class='ocrx_word' id='word_1_210' title='bbox 855 3323 924 3408; x_wconf 84' lang='lat' dir='ltr'>p&#39;ro</span> <span class='ocrx_word' id='word_1_211' title='bbox 948 3319 1139 3407; x_wconf 88' lang='lat' dir='ltr'>defunctis,</span> <span class='ocrx_word' id='word_1_212' title='bbox 1164 3323 1375 3410; x_wconf 86' lang='lat' dir='ltr'>quaeritur:</span> <span class='ocrx_word' id='word_1_213' title='bbox 1392 3325 1519 3392; x_wconf 88' lang='lat' dir='ltr'>utrum</span> <span class='ocrx_word' id='word_1_214' title='bbox 1543 3340 1686 3409; x_wconf 82' lang='lat' dir='ltr'>preces</span> 
     </span>
     <span class='ocr_line' id='line_1_29' title="bbox 331 3429 1678 3517; baseline 0 -18"><span class='ocrx_word' id='word_1_215' title='bbox 331 3451 353 3499; x_wconf 91' lang='lat' dir='ltr'>a</span> <span class='ocrx_word' id='word_1_216' title='bbox 379 3429 621 3498; x_wconf 86' lang='lat' dir='ltr'>Sanctissimo</span> <span class='ocrx_word' id='word_1_217' title='bbox 645 3430 804 3498; x_wconf 90' lang='lat' dir='ltr'>Domino</span> <span class='ocrx_word' id='word_1_218' title='bbox 833 3430 969 3497; x_wconf 88' lang='lat' dir='ltr'>Nostro</span> <span class='ocrx_word' id='word_1_219' title='bbox 994 3431 1119 3499; x_wconf 90' lang='lat' dir='ltr'>Leone</span> <span class='ocrx_word' id='word_1_220' title='bbox 1142 3431 1229 3498; x_wconf 86' lang='lat' dir='ltr'>Xlll</span> <span class='ocrx_word' id='word_1_221' title='bbox 1253 3435 1337 3517; x_wconf 90' lang='lat' dir='ltr'>post</span> <span class='ocrx_word' id='word_1_222' title='bbox 1369 3431 1526 3498; x_wconf 86' lang='lat' dir='ltr'>Missam</span> <span class='ocrx_word' id='word_1_223' title='bbox 1556 3429 1678 3516; x_wconf 90' lang='lat' dir='ltr'>priva·</span> 
     </span>
     <span class='ocr_line' id='line_1_30' title="bbox 329 3533 1679 3624; baseline 0 -18"><span class='ocrx_word' id='word_1_224' title='bbox 329 3542 406 3606; x_wconf 90' lang='lat' dir='ltr'>tam</span> <span class='ocrx_word' id='word_1_225' title='bbox 432 3533 576 3606; x_wconf 86' lang='lat' dir='ltr'>recitari</span> <span class='ocrx_word' id='word_1_226' title='bbox 599 3537 849 3624; x_wconf 88' lang='lat' dir='ltr'>praescriptae</span> <span class='ocrx_word' id='word_1_227' title='bbox 873 3536 916 3603; x_wconf 82' lang='lat' dir='ltr'>in&#39;</span> <span class='ocrx_word' id='word_1_228' title='bbox 946 3555 1038 3606; x_wconf 89' lang='lat' dir='ltr'>casu</span> <span class='ocrx_word' id='word_1_229' title='bbox 1073 3537 1261 3624; x_wconf 89' lang='lat' dir='ltr'>praedicto</span> <span class='ocrx_word' id='word_1_230' title='bbox 1297 3537 1414 3607; x_wconf 90' lang='lat' dir='ltr'>omitti</span> <span class='ocrx_word' id='word_1_231' title='bbox 1438 3536 1599 3624; x_wconf 88' lang='lat' dir='ltr'>possint:</span> <span class='ocrx_word' id='word_1_232' title='bbox 1630 3539 1679 3606; x_wconf 87' lang='lat' dir='ltr'>Et</span> 
     </span>
     <span class='ocr_line' id='line_1_31' title="bbox 330 3643 1679 3736; baseline 0 -24"><span class='ocrx_word' id='word_1_233' title='bbox 330 3647 518 3731; x_wconf 82' lang='lat' dir='ltr'>quatenus</span> <span class='ocrx_word' id='word_1_234' title='bbox 541 3644 729 3732; x_wconf 81' lang='lat' dir='ltr'>Negative,</span> <span class='ocrx_word' id='word_1_235' title='bbox 755 3649 881 3712; x_wconf 91' lang='lat' dir='ltr'>utrum</span> <span class='ocrx_word' id='word_1_236' title='bbox 908 3649 1138 3714; x_wconf 89' lang='lat' dir='ltr'>memoratae</span> <span class='ocrx_word' id='word_1_237' title='bbox 1162 3663 1296 3732; x_wconf 89' lang='lat' dir='ltr'>preces</span> <span class='ocrx_word' id='word_1_238' title='bbox 1312 3663 1380 3732; x_wconf 88' lang='lat' dir='ltr'>pro</span> <span class='ocrx_word' id='word_1_239' title='bbox 1397 3643 1580 3736; x_wconf 86' lang='lat' dir='ltr'>defunctis</span> <span class='ocrx_word' id='word_1_240' title='bbox 1604 3643 1679 3712; x_wconf 86' lang='lat' dir='ltr'>illis</span> 
     </span>
     <span class='ocr_line' id='line_1_32' title="bbox 330 3750 632 3821; baseline -0.007 -1"><span class='ocrx_word' id='word_1_241' title='bbox 330 3751 438 3820; x_wconf 90' lang='lat' dir='ltr'>adiici</span> <span class='ocrx_word' id='word_1_242' title='bbox 462 3750 632 3821; x_wconf 64' lang='lat' dir='ltr'>valeant?</span> 
     </span>
    </p>

    <p class='ocr_par' dir='ltr' id='par_1_10' title="bbox 425 3856 1682 3946">
     <span class='ocr_line' id='line_1_33' title="bbox 425 3856 1682 3946; baseline -0.001 -19"><span class='ocrx_word' id='word_1_243' title='bbox 425 3861 470 3927; x_wconf 87' lang='lat' dir='ltr'>Et</span> <span class='ocrx_word' id='word_1_244' title='bbox 493 3857 608 3928; x_wconf 84' lang='lat' dir='ltr'>Sacra</span> <span class='ocrx_word' id='word_1_245' title='bbox 633 3857 765 3928; x_wconf 92' lang='lat' dir='ltr'>eadem</span> <span class='ocrx_word' id='word_1_246' title='bbox 791 3858 1045 3946; x_wconf 81' lang='lat' dir='ltr'>Congregatio,</span> <span class='ocrx_word' id='word_1_247' title='bbox 1071 3859 1118 3927; x_wconf 90' lang='lat' dir='ltr'>ad</span> <span class='ocrx_word' id='word_1_248' title='bbox 1135 3859 1354 3928; x_wconf 87' lang='lat' dir='ltr'>relationem</span> <span class='ocrx_word' id='word_1_249' title='bbox 1371 3856 1591 3944; x_wconf 84' lang='lat' dir='ltr'>infrascripti</span> <span class='ocrx_word' id='word_1_250' title='bbox 1615 3857 1682 3926; x_wconf 75' lang='lat' dir='ltr'>Se</span> 
     </span>
    </p>

    <p class='ocr_par' dir='ltr' id='par_1_11' title="bbox 158 3955 1802 4078">
     <span class='ocr_line' id='line_1_34' title="bbox 158 3963 1675 4052; baseline -0.001 -18"><span class='ocrx_word' id='word_1_251' title='bbox 158 4025 163 4034; x_wconf 94' lang='lat'>.</span> <span class='ocrx_word' id='word_1_252' title='bbox 244 3985 247 3990; x_wconf 90' lang='lat'>·</span> <span class='ocrx_word' id='word_1_253' title='bbox 329 3967 484 4048; x_wconf 88' lang='lat' dir='ltr'>cretarii,</span> <span class='ocrx_word' id='word_1_254' title='bbox 510 3986 550 4036; x_wconf 91' lang='lat' dir='ltr'>re</span> <span class='ocrx_word' id='word_1_255' title='bbox 574 3970 721 4035; x_wconf 91' lang='lat' dir='ltr'>mature</span> <span class='ocrx_word' id='word_1_256' title='bbox 744 3983 941 4052; x_wconf 86' lang='lat' dir='ltr'>perpensa,</span> <span class='ocrx_word' id='word_1_257' title='bbox 965 3965 1012 4034; x_wconf 87' lang='lat' dir='ltr'>ita</span> <span class='ocrx_word' id='word_1_258' title='bbox 1038 3966 1228 4052; x_wconf 89' lang='lat' dir='ltr'>proposito</span> <span class='ocrx_word' id='word_1_259' title='bbox 1252 3966 1371 4034; x_wconf 88' lang='lat' dir='ltr'>Dubio</span> <span class='ocrx_word' id='word_1_260' title='bbox 1389 3963 1675 4034; x_wconf 86' lang='lat' dir='ltr'>rescribendum</span> 
     </span>
    </p>

    <p class='ocr_par' dir='ltr' id='par_1_12' title="bbox 330 4071 1802 4267">
     <span class='ocr_line' id='line_1_35' title="bbox 331 4071 1676 4162; baseline -0.003 -21"><span class='ocrx_word' id='word_1_261' title='bbox 331 4074 484 4158; x_wconf 89' lang='lat' dir='ltr'>censuit,</span> <span class='ocrx_word' id='word_1_262' title='bbox 510 4073 690 4143; x_wconf 88' lang='lat' dir='ltr'>vicelicet:</span> <span class='ocrx_word' id='word_1_263' title='bbox 714 4073 892 4160; x_wconf 80' lang='lat' dir='ltr'>Negative</span> <span class='ocrx_word' id='word_1_264' title='bbox 916 4072 964 4142; x_wconf 90' lang='lat' dir='ltr'>ad</span> <span class='ocrx_word' id='word_1_265' title='bbox 987 4073 1149 4160; x_wconf 92' lang='lat' dir='ltr'>primam</span> <span class='ocrx_word' id='word_1_266' title='bbox 1175 4077 1343 4162; x_wconf 84' lang='lat' dir='ltr'>partem3</span> <span class='ocrx_word' id='word_1_267' title='bbox 1367 4071 1601 4141; x_wconf 88' lang='lat' dir='ltr'>Affirmative</span> <span class='ocrx_word' id='word_1_268' title='bbox 1625 4071 1676 4140; x_wconf 91' lang='lat' dir='ltr'>ad</span> 
     </span>
     <span class='ocr_line' id='line_1_36' title="bbox 330 4178 1359 4267; baseline -0.006 -18"><span class='ocrx_word' id='word_1_269' title='bbox 330 4182 549 4250; x_wconf 88' lang='lat' dir='ltr'>secundam.</span> <span class='ocrx_word' id='word_1_270' title='bbox 573 4182 696 4267; x_wconf 79' lang='lat' dir='ltr'>Atque</span> <span class='ocrx_word' id='word_1_271' title='bbox 719 4178 767 4248; x_wconf 87' lang='lat' dir='ltr'>ita</span> <span class='ocrx_word' id='word_1_272' title='bbox 791 4179 979 4266; x_wconf 89' lang='lat' dir='ltr'>rescripsit</span> <span class='ocrx_word' id='word_1_273' title='bbox 1001 4178 1060 4247; x_wconf 92' lang='lat' dir='ltr'>die</span> <span class='ocrx_word' id='word_1_274' title='bbox 1083 4182 1127 4248; x_wconf 82' lang='lat'>23</span> <span class='ocrx_word' id='word_1_275' title='bbox 1152 4179 1359 4250; x_wconf 87' lang='lat' dir='ltr'>lunii1893.</span> 
     </span>
    </p>
   </div>
   <div class='ocr_carea' id='block_1_8' title="bbox 330 4313 1802 4490">
    <p class='ocr_par' dir='ltr' id='par_1_13' title="bbox 330 4295 1802 4490">
     <span class='ocr_line' id='line_1_37' title="bbox 330 4313 1802 4490; baseline -0.005 -97"><span class='ocrx_word' id='word_1_276' title='bbox 330 4415 361 4480; x_wconf 70' lang='lat' dir='ltr'>L</span> <span class='ocrx_word' id='word_1_277' title='bbox 399 4421 436 4490; x_wconf 41' lang='grc' dir='ltr'><strong>ᾖ</strong></span> <span class='ocrx_word' id='word_1_278' title='bbox 463 4413 489 4482; x_wconf 68' lang='lat' dir='ltr'>S</span> <span class='ocrx_word' id='word_1_279' title='bbox 618 4323 655 4392; x_wconf 86' lang='lat' dir='ltr'>c.</span> <span class='ocrx_word' id='word_1_280' title='bbox 680 4321 790 4390; x_wconf 65' lang='lat' dir='ltr'>caan.</span> <span class='ocrx_word' id='word_1_281' title='bbox 814 4321 1221 4392; x_wconf 75' lang='lat' dir='ltr'>morsi-nasama</span> <span class='ocrx_word' id='word_1_282' title='bbox 1244 4323 1279 4392; x_wconf 84' lang='lat' dir='ltr'>s.</span> <span class='ocrx_word' id='word_1_283' title='bbox 1306 4324 1349 4390; x_wconf 88' lang='lat' dir='ltr'>a.</span> <span class='ocrx_word' id='word_1_284' title='bbox 1374 4322 1411 4390; x_wconf 85' lang='lat' dir='ltr'>c.</span> <span class='ocrx_word' id='word_1_285' title='bbox 1438 4318 1680 4410; x_wconf 71' lang='lat' dir='ltr'>Praefectus.</span> <span class='ocrx_word' id='word_1_286' title='bbox 1801 4313 1802 4386; x_wconf 76' lang='lat' dir='ltr'>t</span> 
     </span>
    </p>
   </div>
   <div class='ocr_carea' id='block_1_9' title="bbox 0 0 1842 5254">
    <p class='ocr_par' dir='ltr' id='par_1_14' title="bbox 0 0 1842 5254">
     <span class='ocr_line' id='line_1_38' title="bbox 0 0 1842 5254; baseline 0 0"><span class='ocrx_word' id='word_1_287' title='bbox 0 0 1842 5254; x_wconf 95' lang='lat' dir='ltr'> </span> 
     </span>
    </p>
   </div>
   <div class='ocr_carea' id='block_1_10' title="bbox 862 4137 1802 4571">
    <p class='ocr_par' dir='ltr' id='par_1_15' title="bbox 862 4137 1802 4824">
     <span class='ocr_line' id='line_1_39' title="bbox 1801 4137 1802 4192; baseline 0 0"><span class='ocrx_word' id='word_1_288' title='bbox 1801 4137 1802 4192; x_wconf 84' lang='lat' dir='ltr'>l</span> 
     </span>
     <span class='ocr_line' id='line_1_40' title="bbox 862 4479 1718 4571; baseline 0.001 -3"><span class='ocrx_word' id='word_1_289' title='bbox 862 4502 1088 4570; x_wconf 84' lang='lat' dir='ltr'>Vrucnunus</span> <span class='ocrx_word' id='word_1_290' title='bbox 1112 4504 1221 4570; x_wconf 84' lang='lat' dir='ltr'>Nussr</span> <span class='ocrx_word' id='word_1_291' title='bbox 1248 4499 1493 4571; x_wconf 78' lang='lat' dir='ltr'>Secretorius.</span> <span class='ocrx_word' id='word_1_292' title='bbox 1715 4479 1718 4484; x_wconf 33' lang='lat'>¹</span> 
     </span>
    </p>
   </div>
  </div>
 </body>
</html>
