<?xml version="1.0" encoding="UTF-8"?>
<!DOCTYPE html PUBLIC "-//W3C//DTD XHTML 1.0 Transitional//EN"
    "http://www.w3.org/TR/xhtml1/DTD/xhtml1-transitional.dtd">
<html xmlns="http://www.w3.org/1999/xhtml" xml:lang="en" lang="en">
 <head>
  <title>
</title>
<meta http-equiv="Content-Type" content="text/html;charset=utf-8" />
  <meta name='ocr-system' content='tesseract 3.04.00' />
  <meta name='ocr-capabilities' content='ocr_page ocr_carea ocr_par ocr_line ocrx_word'/>
</head>
<body>
  <div class='ocr_page' id='page_1' title='image "actasanctaesedi01popegoog_0041.png"; bbox 0 0 3674 5264; ppageno 0'>
   <div class='ocr_carea' id='block_1_1' title="bbox 351 260 1160 324">
    <p class='ocr_par' dir='ltr' id='par_1_1' title="bbox 351 260 1160 324">
     <span class='ocr_line' id='line_1_1' title="bbox 351 260 1160 324; baseline -0.006 -1"><span class='ocrx_word' id='word_1_1' title='bbox 351 260 391 324; x_wconf 78' lang='lat' dir='ltr'>at</span> <span class='ocrx_word' id='word_1_2' title='bbox 875 271 916 321; x_wconf 82' lang='grc'>1111</span> <span class='ocrx_word' id='word_1_3' title='bbox 938 272 966 318; x_wconf 87' lang='lat' dir='ltr'>s.</span> <span class='ocrx_word' id='word_1_4' title='bbox 983 271 1013 316; x_wconf 87' lang='lat' dir='ltr'>c.</span> <span class='ocrx_word' id='word_1_5' title='bbox 1039 271 1160 318; x_wconf 86' lang='grc'>11110011</span> 
     </span>
    </p>
   </div>
   <div class='ocr_carea' id='block_1_2' title="bbox 254 371 1696 4101">
    <p class='ocr_par' dir='ltr' id='par_1_2' title="bbox 350 371 1695 678">
     <span class='ocr_line' id='line_1_2' title="bbox 351 371 1695 465; baseline -0.004 -20"><span class='ocrx_word' id='word_1_6' title='bbox 351 377 463 465; x_wconf 87' lang='lat' dir='ltr'>laque</span> <span class='ocrx_word' id='word_1_7' title='bbox 487 377 666 460; x_wconf 90' lang='lat' dir='ltr'>humana,</span> <span class='ocrx_word' id='word_1_8' title='bbox 691 373 799 461; x_wconf 90' lang='lat' dir='ltr'>quasi</span> <span class='ocrx_word' id='word_1_9' title='bbox 824 373 870 442; x_wconf 91' lang='lat' dir='ltr'>ad</span> <span class='ocrx_word' id='word_1_10' title='bbox 891 391 1088 441; x_wconf 91' lang='lat' dir='ltr'>summum</span> <span class='ocrx_word' id='word_1_11' title='bbox 1113 371 1285 460; x_wconf 69' lang='lat' dir='ltr'>pollebat</span> <span class='ocrx_word' id='word_1_12' title='bbox 1311 371 1470 460; x_wconf 92' lang='lat' dir='ltr'>ideoque</span> <span class='ocrx_word' id='word_1_13' title='bbox 1494 371 1695 442; x_wconf 83' lang='lat' dir='ltr'>Salernum</span> 
     </span>
     <span class='ocr_line' id='line_1_3' title="bbox 351 478 1695 568; baseline -0.005 -12"><span class='ocrx_word' id='word_1_14' title='bbox 351 485 400 556; x_wconf 85' lang='lat' dir='ltr'>ab</span> <span class='ocrx_word' id='word_1_15' title='bbox 424 485 577 556; x_wconf 89' lang='lat' dir='ltr'>Urbano</span> <span class='ocrx_word' id='word_1_16' title='bbox 596 481 764 552; x_wconf 90' lang='lat' dir='ltr'>secundo</span> <span class='ocrx_word' id='word_1_17' title='bbox 789 480 930 550; x_wconf 89' lang='lat' dir='ltr'>accitus</span> <span class='ocrx_word' id='word_1_18' title='bbox 945 478 1021 566; x_wconf 86' lang='lat' dir='ltr'>fuit,</span> <span class='ocrx_word' id='word_1_19' title='bbox 1046 483 1083 550; x_wconf 90' lang='lat' dir='ltr'>et</span> <span class='ocrx_word' id='word_1_20' title='bbox 1105 498 1192 548; x_wconf 92' lang='lat' dir='ltr'>cum</span> <span class='ocrx_word' id='word_1_21' title='bbox 1210 499 1255 548; x_wconf 92' lang='lat' dir='ltr'>eo</span> <span class='ocrx_word' id='word_1_22' title='bbox 1272 478 1319 550; x_wconf 90' lang='lat' dir='ltr'>de</span> <span class='ocrx_word' id='word_1_23' title='bbox 1336 481 1491 568; x_wconf 88' lang='lat' dir='ltr'>negotiis</span> <span class='ocrx_word' id='word_1_24' title='bbox 1507 478 1695 550; x_wconf 79' lang='lat' dir='ltr'>Ecclesiae</span> 
     </span>
     <span class='ocr_line' id='line_1_4' title="bbox 350 585 1564 678; baseline -0.007 -16"><span class='ocrx_word' id='word_1_25' title='bbox 350 591 604 678; x_wconf 78' lang='lat' dir='ltr'>salernitanae</span> <span class='ocrx_word' id='word_1_26' title='bbox 629 587 784 658; x_wconf 86' lang='lat' dir='ltr'>baberet</span> <span class='ocrx_word' id='word_1_27' title='bbox 805 605 1035 673; x_wconf 87' lang='lat' dir='ltr'>sermonem,</span> <span class='ocrx_word' id='word_1_28' title='bbox 1060 585 1148 656; x_wconf 88' lang='lat' dir='ltr'>dato</span> <span class='ocrx_word' id='word_1_29' title='bbox 1171 587 1323 674; x_wconf 89' lang='lat' dir='ltr'>speciali</span> <span class='ocrx_word' id='word_1_30' title='bbox 1346 587 1564 674; x_wconf 90' lang='lat' dir='ltr'>Diplomate.</span> 
     </span>
    </p>

    <p class='ocr_par' dir='ltr' id='par_1_3' title="bbox 254 691 1696 4101">
     <span class='ocr_line' id='line_1_5' title="bbox 419 691 1695 784; baseline -0.002 -19"><span class='ocrx_word' id='word_1_31' title='bbox 419 700 501 780; x_wconf 88' lang='lat' dir='ltr'>Quo</span> <span class='ocrx_word' id='word_1_32' title='bbox 526 694 778 784; x_wconf 84' lang='lat' dir='ltr'>proficiscens,</span> <span class='ocrx_word' id='word_1_33' title='bbox 803 692 1031 780; x_wconf 83' lang='lat' dir='ltr'>colloquium</span> <span class='ocrx_word' id='word_1_34' title='bbox 1057 712 1145 762; x_wconf 93' lang='lat' dir='ltr'>cum</span> <span class='ocrx_word' id='word_1_35' title='bbox 1170 691 1336 779; x_wconf 86' lang='lat' dir='ltr'>praelato</span> <span class='ocrx_word' id='word_1_36' title='bbox 1356 691 1533 762; x_wconf 86' lang='lat' dir='ltr'>Pontifice</span> <span class='ocrx_word' id='word_1_37' title='bbox 1557 713 1626 780; x_wconf 93' lang='lat' dir='ltr'>pro</span> <span class='ocrx_word' id='word_1_38' title='bbox 1643 713 1695 763; x_wconf 88' lang='lat' dir='ltr'>re·</span> 
     </span>
     <span class='ocr_line' id='line_1_6' title="bbox 329 799 1692 894; baseline -0.006 -18"><span class='ocrx_word' id='word_1_39' title='bbox 329 803 800 894; x_wconf 78' lang='grc'>,00001011000110001010</span> <span class='ocrx_word' id='word_1_40' title='bbox 826 800 1014 870; x_wconf 77' lang='lat' dir='ltr'>Ecclesiae</span> <span class='ocrx_word' id='word_1_41' title='bbox 1036 799 1289 870; x_wconf 73' lang='lat' dir='ltr'>salernitanae</span> <span class='ocrx_word' id='word_1_42' title='bbox 1313 821 1332 870; x_wconf 90' lang='lat' dir='ltr'>a</span> <span class='ocrx_word' id='word_1_43' title='bbox 1353 800 1581 869; x_wconf 88' lang='lat' dir='ltr'>Normondis</span> <span class='ocrx_word' id='word_1_44' title='bbox 1605 801 1692 870; x_wconf 92' lang='lat' dir='ltr'>olim</span> 
     </span>
     <span class='ocr_line' id='line_1_7' title="bbox 350 906 1693 998; baseline -0.004 -16"><span class='ocrx_word' id='word_1_45' title='bbox 350 915 620 998; x_wconf 90' lang='lat' dir='ltr'>occupatorum</span> <span class='ocrx_word' id='word_1_46' title='bbox 644 908 781 994; x_wconf 87' lang='lat' dir='ltr'>habuit,</span> <span class='ocrx_word' id='word_1_47' title='bbox 807 911 847 976; x_wconf 90' lang='grc'>01</span> <span class='ocrx_word' id='word_1_48' title='bbox 869 909 1015 976; x_wconf 84' lang='lat' dir='ltr'>constat</span> <span class='ocrx_word' id='word_1_49' title='bbox 1030 927 1080 976; x_wconf 82' lang='lat' dir='ltr'>ex</span> <span class='ocrx_word' id='word_1_50' title='bbox 1096 906 1262 994; x_wconf 91' lang='lat' dir='ltr'>quadam</span> <span class='ocrx_word' id='word_1_51' title='bbox 1278 906 1440 994; x_wconf 86' lang='lat' dir='ltr'>Epistola</span> <span class='ocrx_word' id='word_1_52' title='bbox 1465 907 1501 974; x_wconf 92' lang='lat' dir='ltr'>in</span> <span class='ocrx_word' id='word_1_53' title='bbox 1518 907 1693 976; x_wconf 86' lang='lat' dir='ltr'>Archivio</span> 
     </span>
     <span class='ocr_line' id='line_1_8' title="bbox 350 1013 1696 1106; baseline -0.005 -17"><span class='ocrx_word' id='word_1_54' title='bbox 350 1016 667 1106; x_wconf 88' lang='lat' dir='ltr'>Arcbiepiscopali</span> <span class='ocrx_word' id='word_1_55' title='bbox 691 1015 924 1086; x_wconf 82' lang='lat' dir='ltr'>Salernitana</span> <span class='ocrx_word' id='word_1_56' title='bbox 948 1015 1130 1084; x_wconf 81' lang='lat' dir='ltr'>existenti.</span> <span class='ocrx_word' id='word_1_57' title='bbox 1155 1013 1301 1084; x_wconf 89' lang='lat' dir='ltr'>Orbatis</span> <span class='ocrx_word' id='word_1_58' title='bbox 1317 1014 1426 1102; x_wconf 88' lang='lat' dir='ltr'>igitur</span> <span class='ocrx_word' id='word_1_59' title='bbox 1445 1014 1617 1084; x_wconf 90' lang='lat' dir='ltr'>Eremitis</span> <span class='ocrx_word' id='word_1_60' title='bbox 1634 1033 1696 1091; x_wconf 88' lang='lat' dir='ltr'>no·</span> 
     </span>
     <span class='ocr_line' id='line_1_9' title="bbox 350 1120 1693 1208; baseline -0.005 -11"><span class='ocrx_word' id='word_1_61' title='bbox 350 1128 437 1198; x_wconf 88' lang='lat' dir='ltr'>stris</span> <span class='ocrx_word' id='word_1_62' title='bbox 454 1127 618 1208; x_wconf 78' lang='lat' dir='ltr'>Pastore,</span> <span class='ocrx_word' id='word_1_63' title='bbox 643 1127 678 1191; x_wconf 92' lang='grc'>01</span> <span class='ocrx_word' id='word_1_64' title='bbox 701 1123 748 1192; x_wconf 89' lang='lat' dir='ltr'>ad</span> <span class='ocrx_word' id='word_1_65' title='bbox 766 1120 939 1190; x_wconf 88' lang='lat' dir='ltr'>coelestia</span> <span class='ocrx_word' id='word_1_66' title='bbox 957 1123 1087 1208; x_wconf 90' lang='lat' dir='ltr'>Regna</span> <span class='ocrx_word' id='word_1_67' title='bbox 1112 1120 1310 1190; x_wconf 82' lang='lat' dir='ltr'>advolante</span> <span class='ocrx_word' id='word_1_68' title='bbox 1327 1120 1462 1190; x_wconf 87' lang='lat' dir='ltr'>Sancto</span> <span class='ocrx_word' id='word_1_69' title='bbox 1479 1121 1693 1190; x_wconf 90' lang='lat' dir='ltr'>Patriarcba</span> 
     </span>
     <span class='ocr_line' id='line_1_10' title="bbox 350 1227 1695 1317; baseline -0.004 -15"><span class='ocrx_word' id='word_1_70' title='bbox 350 1239 489 1310; x_wconf 83' lang='lat' dir='ltr'>nostro,</span> <span class='ocrx_word' id='word_1_71' title='bbox 516 1230 596 1317; x_wconf 89' lang='lat' dir='ltr'>ipse</span> <span class='ocrx_word' id='word_1_72' title='bbox 611 1230 749 1298; x_wconf 90' lang='lat' dir='ltr'>Beatus</span> <span class='ocrx_word' id='word_1_73' title='bbox 765 1227 960 1297; x_wconf 85' lang='lat' dir='ltr'>Lanuinus</span> <span class='ocrx_word' id='word_1_74' title='bbox 982 1227 1019 1295; x_wconf 93' lang='lat' dir='ltr'>in</span> <span class='ocrx_word' id='word_1_75' title='bbox 1037 1228 1116 1296; x_wconf 89' lang='lat' dir='ltr'>iure</span> <span class='ocrx_word' id='word_1_76' title='bbox 1133 1227 1313 1296; x_wconf 89' lang='lat' dir='ltr'>canonico</span> <span class='ocrx_word' id='word_1_77' title='bbox 1339 1228 1490 1314; x_wconf 73' lang='lat' dir='ltr'>perituS,</span> <span class='ocrx_word' id='word_1_78' title='bbox 1516 1228 1552 1295; x_wconf 90' lang='lat' dir='ltr'>in</span> <span class='ocrx_word' id='word_1_79' title='bbox 1577 1230 1695 1296; x_wconf 89' lang='lat' dir='ltr'>humi-</span> 
     </span>
     <span class='ocr_line' id='line_1_11' title="bbox 351 1333 1695 1424; baseline -0.002 -17"><span class='ocrx_word' id='word_1_80' title='bbox 351 1340 448 1409; x_wconf 92' lang='lat' dir='ltr'>litate</span> <span class='ocrx_word' id='word_1_81' title='bbox 471 1335 659 1422; x_wconf 75' lang='lat' dir='ltr'>fundatae,</span> <span class='ocrx_word' id='word_1_82' title='bbox 685 1339 721 1404; x_wconf 90' lang='lat' dir='ltr'>et</span> <span class='ocrx_word' id='word_1_83' title='bbox 744 1335 779 1402; x_wconf 93' lang='lat' dir='ltr'>in</span> <span class='ocrx_word' id='word_1_84' title='bbox 805 1333 966 1424; x_wconf 87' lang='lat' dir='ltr'>regulari</span> <span class='ocrx_word' id='word_1_85' title='bbox 987 1334 1223 1404; x_wconf 80' lang='lat' dir='ltr'>observantia</span> <span class='ocrx_word' id='word_1_86' title='bbox 1248 1333 1344 1404; x_wconf 88' lang='lat' dir='ltr'>bene</span> <span class='ocrx_word' id='word_1_87' title='bbox 1363 1336 1573 1422; x_wconf 87' lang='lat' dir='ltr'>instructus,</span> <span class='ocrx_word' id='word_1_88' title='bbox 1598 1341 1695 1422; x_wconf 90' lang='lat' dir='ltr'>post-</span> 
     </span>
     <span class='ocr_line' id='line_1_12' title="bbox 254 1433 1693 1534; baseline -0.001 -20"><span class='ocrx_word' id='word_1_89' title='bbox 254 1433 261 1448; x_wconf 49' lang='lat'><em>*</em></span> <span class='ocrx_word' id='word_1_90' title='bbox 349 1465 467 1534; x_wconf 90' lang='lat' dir='ltr'>quam</span> <span class='ocrx_word' id='word_1_91' title='bbox 491 1443 670 1514; x_wconf 84' lang='lat' dir='ltr'>Sanctum</span> <span class='ocrx_word' id='word_1_92' title='bbox 695 1444 843 1512; x_wconf 88' lang='lat' dir='ltr'>Patrem</span> <span class='ocrx_word' id='word_1_93' title='bbox 868 1461 1022 1510; x_wconf 90' lang='lat' dir='ltr'>summa</span> <span class='ocrx_word' id='word_1_94' title='bbox 1041 1443 1181 1528; x_wconf 82' lang='lat' dir='ltr'>&#39;pietate</span> <span class='ocrx_word' id='word_1_95' title='bbox 1206 1446 1463 1530; x_wconf 88' lang='lat' dir='ltr'>parentarunt,</span> <span class='ocrx_word' id='word_1_96' title='bbox 1488 1447 1693 1514; x_wconf 79' lang='lat' dir='ltr'>convocato</span> 
     </span>
     <span class='ocr_line' id='line_1_13' title="bbox 349 1547 1694 1636; baseline -0.001 -15"><span class='ocrx_word' id='word_1_97' title='bbox 349 1557 425 1621; x_wconf 89' lang='lat' dir='ltr'>toto</span> <span class='ocrx_word' id='word_1_98' title='bbox 455 1549 704 1620; x_wconf 90' lang='lat' dir='ltr'>Eremitarum</span> <span class='ocrx_word' id='word_1_99' title='bbox 737 1555 942 1635; x_wconf 87' lang='lat' dir='ltr'>conventu,</span> <span class='ocrx_word' id='word_1_100' title='bbox 978 1552 1063 1636; x_wconf 88' lang='lat' dir='ltr'>post</span> <span class='ocrx_word' id='word_1_101' title='bbox 1093 1549 1208 1617; x_wconf 88' lang='lat' dir='ltr'>verbu</span> <span class='ocrx_word' id='word_1_102' title='bbox 1245 1547 1492 1616; x_wconf 88' lang='lat' dir='ltr'>consolatoria</span> <span class='ocrx_word' id='word_1_103' title='bbox 1527 1549 1574 1616; x_wconf 89' lang='lat' dir='ltr'>de</span> <span class='ocrx_word' id='word_1_104' title='bbox 1605 1551 1694 1619; x_wconf 87' lang='lat' dir='ltr'>tanti</span> 
     </span>
     <span class='ocr_line' id='line_1_14' title="bbox 350 1654 1694 1742; baseline 0.001 -18"><span class='ocrx_word' id='word_1_105' title='bbox 350 1658 469 1727; x_wconf 89' lang='lat' dir='ltr'>Patris</span> <span class='ocrx_word' id='word_1_106' title='bbox 493 1657 660 1742; x_wconf 90' lang='lat' dir='ltr'>transitu,</span> <span class='ocrx_word' id='word_1_107' title='bbox 685 1656 946 1724; x_wconf 90' lang='lat' dir='ltr'>necessitatem</span> <span class='ocrx_word' id='word_1_108' title='bbox 971 1673 1114 1723; x_wconf 89' lang='lat' dir='ltr'>novum</span> <span class='ocrx_word' id='word_1_109' title='bbox 1132 1655 1326 1724; x_wconf 76' lang='lat' dir='ltr'>Pastorem</span> <span class='ocrx_word' id='word_1_110' title='bbox 1351 1654 1508 1742; x_wconf 87' lang='lat' dir='ltr'>eligendi</span> <span class='ocrx_word' id='word_1_111' title='bbox 1533 1655 1694 1726; x_wconf 89' lang='lat' dir='ltr'>insinua·</span> 
     </span>
     <span class='ocr_line' id='line_1_15' title="bbox 350 1762 1695 1852; baseline -0.001 -20"><span class='ocrx_word' id='word_1_112' title='bbox 350 1765 414 1833; x_wconf 89' lang='lat' dir='ltr'>vit:</span> <span class='ocrx_word' id='word_1_113' title='bbox 439 1767 667 1852; x_wconf 87' lang='lat' dir='ltr'>quapropter</span> <span class='ocrx_word' id='word_1_114' title='bbox 691 1763 876 1832; x_wconf 89' lang='lat' dir='ltr'>contentio</span> <span class='ocrx_word' id='word_1_115' title='bbox 900 1783 976 1832; x_wconf 91' lang='lat' dir='ltr'>non</span> <span class='ocrx_word' id='word_1_116' title='bbox 1001 1783 1117 1850; x_wconf 88' lang='lat' dir='ltr'>parva</span> <span class='ocrx_word' id='word_1_117' title='bbox 1142 1767 1221 1832; x_wconf 89' lang='lat' dir='ltr'>orta</span> <span class='ocrx_word' id='word_1_118' title='bbox 1238 1766 1294 1830; x_wconf 92' lang='lat' dir='ltr'>est</span> <span class='ocrx_word' id='word_1_119' title='bbox 1316 1762 1500 1848; x_wconf 88' lang='lat' dir='ltr'>intereos,</span> <span class='ocrx_word' id='word_1_120' title='bbox 1526 1781 1601 1830; x_wconf 92' lang='lat' dir='ltr'>non</span> <span class='ocrx_word' id='word_1_121' title='bbox 1618 1764 1695 1849; x_wconf 91' lang='lat' dir='ltr'>qui·</span> 
     </span>
     <span class='ocr_line' id='line_1_16' title="bbox 351 1868 1691 1957; baseline -0.002 -15"><span class='ocrx_word' id='word_1_122' title='bbox 351 1874 439 1942; x_wconf 90' lang='lat' dir='ltr'>dem</span> <span class='ocrx_word' id='word_1_123' title='bbox 464 1870 676 1940; x_wconf 88' lang='lat' dir='ltr'>ambitionis</span> <span class='ocrx_word' id='word_1_124' title='bbox 699 1889 826 1955; x_wconf 88' lang='lat' dir='ltr'>causa,</span> <span class='ocrx_word' id='word_1_125' title='bbox 851 1869 918 1938; x_wconf 87' lang='lat' dir='ltr'>sed</span> <span class='ocrx_word' id='word_1_126' title='bbox 944 1889 994 1939; x_wconf 85' lang='lat' dir='ltr'>ex</span> <span class='ocrx_word' id='word_1_127' title='bbox 1016 1869 1183 1956; x_wconf 82' lang='lat' dir='ltr'>quadam</span> <span class='ocrx_word' id='word_1_128' title='bbox 1208 1868 1444 1938; x_wconf 77' lang='lat' dir='ltr'>patriarchae</span> <span class='ocrx_word' id='word_1_129' title='bbox 1469 1870 1691 1957; x_wconf 83' lang='lat' dir='ltr'>reverentia3</span> 
     </span>
     <span class='ocr_line' id='line_1_17' title="bbox 350 1973 1694 2062; baseline -0.002 -14"><span class='ocrx_word' id='word_1_130' title='bbox 350 1999 441 2048; x_wconf 87' lang='lat' dir='ltr'>nam</span> <span class='ocrx_word' id='word_1_131' title='bbox 466 1976 619 2046; x_wconf 81' lang='lat' dir='ltr'>infelici</span> <span class='ocrx_word' id='word_1_132' title='bbox 644 1995 714 2045; x_wconf 91' lang='grc'>500</span> <span class='ocrx_word' id='word_1_133' title='bbox 738 1977 858 2060; x_wconf 87' lang='lat' dir='ltr'>obitu,</span> <span class='ocrx_word' id='word_1_134' title='bbox 883 1973 1093 2062; x_wconf 87' lang='lat' dir='ltr'>praelatum</span> <span class='ocrx_word' id='word_1_135' title='bbox 1118 1974 1330 2044; x_wconf 89' lang='lat' dir='ltr'>Lanuinum</span> <span class='ocrx_word' id='word_1_136' title='bbox 1356 1994 1616 2044; x_wconf 87' lang='lat' dir='ltr'>successorem</span> <span class='ocrx_word' id='word_1_137' title='bbox 1641 1995 1694 2046; x_wconf 91' lang='lat' dir='ltr'>re·</span> 
     </span>
     <span class='ocr_line' id='line_1_18' title="bbox 350 2082 1692 2174; baseline -0.002 -20"><span class='ocrx_word' id='word_1_138' title='bbox 350 2085 515 2174; x_wconf 82' lang='lat' dir='ltr'>liquerat,</span> <span class='ocrx_word' id='word_1_139' title='bbox 542 2103 617 2153; x_wconf 94' lang='lat' dir='ltr'>non</span> <span class='ocrx_word' id='word_1_140' title='bbox 641 2083 793 2170; x_wconf 90' lang='lat' dir='ltr'>quidem</span> <span class='ocrx_word' id='word_1_141' title='bbox 818 2083 854 2150; x_wconf 92' lang='lat' dir='ltr'>in</span> <span class='ocrx_word' id='word_1_142' title='bbox 879 2083 1083 2171; x_wconf 88' lang='lat' dir='ltr'>magistrali</span> <span class='ocrx_word' id='word_1_143' title='bbox 1101 2102 1268 2168; x_wconf 89' lang='lat' dir='ltr'>munere,</span> <span class='ocrx_word' id='word_1_144' title='bbox 1294 2082 1359 2152; x_wconf 88' lang='lat' dir='ltr'>sed</span> <span class='ocrx_word' id='word_1_145' title='bbox 1379 2083 1414 2150; x_wconf 93' lang='lat' dir='ltr'>in</span> <span class='ocrx_word' id='word_1_146' title='bbox 1432 2083 1692 2170; x_wconf 90' lang='lat' dir='ltr'>Eremitarum,</span> 
     </span>
     <span class='ocr_line' id='line_1_19' title="bbox 350 2189 1693 2278; baseline 0 -16"><span class='ocrx_word' id='word_1_147' title='bbox 350 2197 387 2262; x_wconf 92' lang='lat' dir='ltr'>et</span> <span class='ocrx_word' id='word_1_148' title='bbox 409 2191 656 2262; x_wconf 83' lang='lat' dir='ltr'>Vaxallorum</span> <span class='ocrx_word' id='word_1_149' title='bbox 686 2189 866 2278; x_wconf 84' lang='lat' dir='ltr'>regimine</span> <span class='ocrx_word' id='word_1_150' title='bbox 898 2209 1099 2278; x_wconf 82' lang='lat' dir='ltr'>quousque</span> <span class='ocrx_word' id='word_1_151' title='bbox 1127 2210 1250 2259; x_wconf 83' lang='lat' dir='ltr'>novus</span> <span class='ocrx_word' id='word_1_152' title='bbox 1278 2189 1475 2278; x_wconf 87' lang='lat' dir='ltr'>eligeretur</span> <span class='ocrx_word' id='word_1_153' title='bbox 1499 2190 1693 2262; x_wconf 88' lang='lat' dir='ltr'>Praelatus</span> 
     </span>
     <span class='ocr_line' id='line_1_20' title="bbox 350 2296 1692 2384; baseline -0.001 -15"><span class='ocrx_word' id='word_1_154' title='bbox 350 2319 373 2370; x_wconf 92' lang='lat' dir='ltr'>a</span> <span class='ocrx_word' id='word_1_155' title='bbox 396 2303 471 2368; x_wconf 90' lang='lat' dir='ltr'>toto</span> <span class='ocrx_word' id='word_1_156' title='bbox 495 2298 702 2384; x_wconf 81' lang='lat' dir='ltr'>Conventu3</span> <span class='ocrx_word' id='word_1_157' title='bbox 732 2297 786 2366; x_wconf 90' lang='lat' dir='ltr'>sic</span> <span class='ocrx_word' id='word_1_158' title='bbox 810 2297 909 2365; x_wconf 89' lang='lat' dir='ltr'>enim</span> <span class='ocrx_word' id='word_1_159' title='bbox 933 2296 1116 2368; x_wconf 86' lang='lat' dir='ltr'>faciebant</span> <span class='ocrx_word' id='word_1_160' title='bbox 1138 2297 1424 2368; x_wconf 86' lang='lat' dir='ltr'>Constitutiones</span> <span class='ocrx_word' id='word_1_161' title='bbox 1448 2317 1469 2366; x_wconf 88' lang='lat' dir='ltr'>a</span> <span class='ocrx_word' id='word_1_162' title='bbox 1495 2297 1530 2366; x_wconf 90' lang='lat' dir='ltr'>S.</span> <span class='ocrx_word' id='word_1_163' title='bbox 1548 2298 1586 2364; x_wconf 88' lang='lat' dir='ltr'>P.</span> <span class='ocrx_word' id='word_1_164' title='bbox 1612 2301 1692 2367; x_wconf 87' lang='lat' dir='ltr'>eta</span> 
     </span>
     <span class='ocr_line' id='line_1_21' title="bbox 349 2404 1695 2493; baseline 0 -19"><span class='ocrx_word' id='word_1_165' title='bbox 349 2407 462 2476; x_wconf 89' lang='lat' dir='ltr'>Beato</span> <span class='ocrx_word' id='word_1_166' title='bbox 487 2404 655 2474; x_wconf 87' lang='lat' dir='ltr'>Lanuino</span> <span class='ocrx_word' id='word_1_167' title='bbox 680 2405 922 2490; x_wconf 80' lang='lat' dir='ltr'>conscriptae.</span> <span class='ocrx_word' id='word_1_168' title='bbox 948 2407 1006 2473; x_wconf 83' lang='lat' dir='ltr'>Ex</span> <span class='ocrx_word' id='word_1_169' title='bbox 1029 2406 1099 2474; x_wconf 90' lang='lat' dir='ltr'>bac</span> <span class='ocrx_word' id='word_1_170' title='bbox 1124 2407 1247 2493; x_wconf 90' lang='lat' dir='ltr'>itaque</span> <span class='ocrx_word' id='word_1_171' title='bbox 1271 2405 1389 2475; x_wconf 87' lang='lat' dir='ltr'>sancti</span> <span class='ocrx_word' id='word_1_172' title='bbox 1412 2406 1529 2474; x_wconf 90' lang='lat' dir='ltr'>Putris</span> <span class='ocrx_word' id='word_1_173' title='bbox 1553 2408 1588 2474; x_wconf 92' lang='lat' dir='ltr'>in</span> <span class='ocrx_word' id='word_1_174' title='bbox 1611 2408 1695 2476; x_wconf 78' lang='lat' dir='ltr'>Per</span> 
     </span>
     <span class='ocr_line' id='line_1_22' title="bbox 348 2509 1694 2600; baseline -0.001 -18"><span class='ocrx_word' id='word_1_175' title='bbox 348 2531 484 2582; x_wconf 87' lang='lat' dir='ltr'>sonam</span> <span class='ocrx_word' id='word_1_176' title='bbox 509 2511 608 2579; x_wconf 90' lang='lat' dir='ltr'>Beati</span> <span class='ocrx_word' id='word_1_177' title='bbox 633 2509 790 2578; x_wconf 84' lang='lat' dir='ltr'>Lanuini</span> <span class='ocrx_word' id='word_1_178' title='bbox 816 2510 1086 2600; x_wconf 78' lang='lat' dir='ltr'>designatione,</span> <span class='ocrx_word' id='word_1_179' title='bbox 1119 2511 1294 2582; x_wconf 88' lang='lat' dir='ltr'>volebant</span> <span class='ocrx_word' id='word_1_180' title='bbox 1317 2511 1444 2600; x_wconf 88' lang='lat' dir='ltr'>aliqui,</span> <span class='ocrx_word' id='word_1_181' title='bbox 1470 2513 1694 2582; x_wconf 86' lang='lat' dir='ltr'>contenden-</span> 
     </span>
     <span class='ocr_line' id='line_1_23' title="bbox 349 2617 1694 2706; baseline 0.002 -20"><span class='ocrx_word' id='word_1_182' title='bbox 349 2617 528 2706; x_wconf 88' lang='lat' dir='ltr'>bantque,</span> <span class='ocrx_word' id='word_1_183' title='bbox 553 2618 654 2705; x_wconf 92' lang='lat' dir='ltr'>quod</span> <span class='ocrx_word' id='word_1_184' title='bbox 679 2617 764 2704; x_wconf 91' lang='lat' dir='ltr'>pius</span> <span class='ocrx_word' id='word_1_185' title='bbox 788 2619 897 2686; x_wconf 89' lang='lat' dir='ltr'>Pater</span> <span class='ocrx_word' id='word_1_186' title='bbox 921 2619 1046 2706; x_wconf 88' lang='lat' dir='ltr'>ipsum</span> <span class='ocrx_word' id='word_1_187' title='bbox 1071 2639 1203 2688; x_wconf 90' lang='lat' dir='ltr'>eorum</span> <span class='ocrx_word' id='word_1_188' title='bbox 1228 2619 1456 2704; x_wconf 88' lang='lat' dir='ltr'>Praelatum,</span> <span class='ocrx_word' id='word_1_189' title='bbox 1482 2622 1517 2688; x_wconf 91' lang='lat' dir='ltr'>et</span> <span class='ocrx_word' id='word_1_190' title='bbox 1541 2619 1694 2689; x_wconf 79' lang='lat' dir='ltr'>Succes</span> 
     </span>
     <span class='ocr_line' id='line_1_24' title="bbox 349 2724 1692 2813; baseline 0.001 -19"><span class='ocrx_word' id='word_1_191' title='bbox 349 2745 476 2794; x_wconf 89' lang='lat' dir='ltr'>sorem</span> <span class='ocrx_word' id='word_1_192' title='bbox 505 2725 760 2808; x_wconf 89' lang='lat' dir='ltr'>constituerat,</span> <span class='ocrx_word' id='word_1_193' title='bbox 793 2724 953 2812; x_wconf 89' lang='lat' dir='ltr'>ideoque</span> <span class='ocrx_word' id='word_1_194' title='bbox 983 2745 1051 2812; x_wconf 93' lang='lat' dir='ltr'>pro</span> <span class='ocrx_word' id='word_1_195' title='bbox 1080 2725 1692 2813; x_wconf 78' lang='grc'>1100010011110501111110100110111</span> 
     </span>
     <span class='ocr_line' id='line_1_25' title="bbox 349 2829 1694 2920; baseline 0.002 -20"><span class='ocrx_word' id='word_1_196' title='bbox 349 2849 435 2900; x_wconf 89' lang='lat' dir='ltr'>esse</span> <span class='ocrx_word' id='word_1_197' title='bbox 459 2829 703 2915; x_wconf 83' lang='lat' dir='ltr'>voluntatem;</span> <span class='ocrx_word' id='word_1_198' title='bbox 729 2848 773 2897; x_wconf 91' lang='lat' dir='ltr'>eo</span> <span class='ocrx_word' id='word_1_199' title='bbox 791 2829 913 2918; x_wconf 90' lang='lat' dir='ltr'>magis</span> <span class='ocrx_word' id='word_1_200' title='bbox 937 2833 1024 2918; x_wconf 92' lang='lat' dir='ltr'>quia</span> <span class='ocrx_word' id='word_1_201' title='bbox 1048 2831 1147 2902; x_wconf 86' lang='lat' dir='ltr'>fama</span> <span class='ocrx_word' id='word_1_202' title='bbox 1165 2836 1308 2901; x_wconf 90' lang='lat' dir='ltr'>tantum</span> <span class='ocrx_word' id='word_1_203' title='bbox 1333 2831 1557 2920; x_wconf 76' lang='lat' dir='ltr'>percelebris</span> <span class='ocrx_word' id='word_1_204' title='bbox 1573 2834 1694 2904; x_wconf 89' lang='lat' dir='ltr'>Patris</span> 
     </span>
     <span class='ocr_line' id='line_1_26' title="bbox 349 2936 1694 3025; baseline 0.001 -17"><span class='ocrx_word' id='word_1_205' title='bbox 349 2939 508 3008; x_wconf 92' lang='lat' dir='ltr'>Lanuini</span> <span class='ocrx_word' id='word_1_206' title='bbox 532 2937 670 3022; x_wconf 89' lang='lat' dir='ltr'>ubique</span> <span class='ocrx_word' id='word_1_207' title='bbox 695 2936 891 3023; x_wconf 86' lang='lat' dir='ltr'>notissimi,</span> <span class='ocrx_word' id='word_1_208' title='bbox 917 2944 953 3006; x_wconf 93' lang='lat' dir='ltr'>et</span> <span class='ocrx_word' id='word_1_209' title='bbox 976 2940 1078 3025; x_wconf 92' lang='lat' dir='ltr'>apud</span> <span class='ocrx_word' id='word_1_210' title='bbox 1103 2939 1283 3008; x_wconf 87' lang='lat' dir='ltr'>Summos</span> <span class='ocrx_word' id='word_1_211' title='bbox 1306 2937 1504 3008; x_wconf 84' lang='lat' dir='ltr'>Pontifices</span> <span class='ocrx_word' id='word_1_212' title='bbox 1527 2943 1694 3011; x_wconf 83' lang='lat' dir='ltr'>venerati</span> 
     </span>
     <span class='ocr_line' id='line_1_27' title="bbox 349 3043 1694 3136; baseline 0.002 -22"><span class='ocrx_word' id='word_1_213' title='bbox 349 3045 397 3116; x_wconf 89' lang='lat' dir='ltr'>itu</span> <span class='ocrx_word' id='word_1_214' title='bbox 421 3044 469 3114; x_wconf 90' lang='lat' dir='ltr'>ad</span> <span class='ocrx_word' id='word_1_215' title='bbox 487 3044 550 3112; x_wconf 89' lang='lat' dir='ltr'>Dei</span> <span class='ocrx_word' id='word_1_216' title='bbox 568 3043 751 3112; x_wconf 90' lang='lat' dir='ltr'>honorem</span> <span class='ocrx_word' id='word_1_217' title='bbox 776 3048 811 3112; x_wconf 89' lang='lat' dir='ltr'>et</span> <span class='ocrx_word' id='word_1_218' title='bbox 827 3045 952 3114; x_wconf 93' lang='lat' dir='ltr'>Eremi</span> <span class='ocrx_word' id='word_1_219' title='bbox 967 3047 1290 3116; x_wconf 88' lang='lat' dir='ltr'>conversationem</span> <span class='ocrx_word' id='word_1_220' title='bbox 1317 3046 1545 3136; x_wconf 90' lang='lat' dir='ltr'>requirebat;</span> <span class='ocrx_word' id='word_1_221' title='bbox 1570 3067 1591 3116; x_wconf 93' lang='lat' dir='ltr'>e</span> <span class='ocrx_word' id='word_1_222' title='bbox 1609 3067 1694 3117; x_wconf 92' lang='lat' dir='ltr'>con-</span> 
     </span>
     <span class='ocr_line' id='line_1_28' title="bbox 347 3149 1692 3238; baseline 0.001 -17"><span class='ocrx_word' id='word_1_223' title='bbox 347 3153 473 3238; x_wconf 88' lang='lat' dir='ltr'>trarie,</span> <span class='ocrx_word' id='word_1_224' title='bbox 498 3149 557 3220; x_wconf 93' lang='lat' dir='ltr'>alii</span> <span class='ocrx_word' id='word_1_225' title='bbox 580 3149 759 3234; x_wconf 81' lang='lat' dir='ltr'>dicebant,</span> <span class='ocrx_word' id='word_1_226' title='bbox 785 3155 848 3218; x_wconf 90' lang='lat' dir='ltr'>aut</span> <span class='ocrx_word' id='word_1_227' title='bbox 871 3150 1090 3219; x_wconf 86' lang='lat' dir='ltr'>electionem</span> <span class='ocrx_word' id='word_1_228' title='bbox 1114 3169 1199 3220; x_wconf 90' lang='lat' dir='ltr'>esse</span> <span class='ocrx_word' id='word_1_229' title='bbox 1222 3150 1442 3236; x_wconf 87' lang='lat' dir='ltr'>faciendam,</span> <span class='ocrx_word' id='word_1_230' title='bbox 1466 3158 1532 3221; x_wconf 91' lang='lat' dir='ltr'>aut</span> <span class='ocrx_word' id='word_1_231' title='bbox 1554 3153 1692 3224; x_wconf 85' lang='lat' dir='ltr'>Sedem</span> 
     </span>
     <span class='ocr_line' id='line_1_29' title="bbox 349 3255 1693 3344; baseline 0.002 -17"><span class='ocrx_word' id='word_1_232' title='bbox 349 3256 603 3344; x_wconf 86' lang='lat' dir='ltr'>Apostolicam</span> <span class='ocrx_word' id='word_1_233' title='bbox 619 3255 905 3344; x_wconf 74' lang='lat' dir='ltr'>consulendam,</span> <span class='ocrx_word' id='word_1_234' title='bbox 926 3257 1025 3326; x_wconf 91' lang='lat' dir='ltr'>unde</span> <span class='ocrx_word' id='word_1_235' title='bbox 1041 3277 1090 3326; x_wconf 85' lang='lat' dir='ltr'>ex</span> <span class='ocrx_word' id='word_1_236' title='bbox 1106 3257 1298 3326; x_wconf 92' lang='lat' dir='ltr'>communi</span> <span class='ocrx_word' id='word_1_237' title='bbox 1316 3259 1486 3326; x_wconf 92' lang='lat' dir='ltr'>omnium</span> <span class='ocrx_word' id='word_1_238' title='bbox 1502 3278 1693 3330; x_wconf 91' lang='lat' dir='ltr'>consensu</span> 
     </span>
     <span class='ocr_line' id='line_1_30' title="bbox 349 3360 1694 3450; baseline 0.003 -17"><span class='ocrx_word' id='word_1_239' title='bbox 349 3364 397 3433; x_wconf 91' lang='lat' dir='ltr'>ad</span> <span class='ocrx_word' id='word_1_240' title='bbox 421 3360 627 3449; x_wconf 87' lang='lat' dir='ltr'>praefatam</span> <span class='ocrx_word' id='word_1_241' title='bbox 645 3361 783 3430; x_wconf 88' lang='lat' dir='ltr'>Sedem</span> <span class='ocrx_word' id='word_1_242' title='bbox 799 3363 1052 3448; x_wconf 87' lang='lat' dir='ltr'>Apostolicam</span> <span class='ocrx_word' id='word_1_243' title='bbox 1074 3383 1142 3449; x_wconf 94' lang='lat' dir='ltr'>pro</span> <span class='ocrx_word' id='word_1_244' title='bbox 1159 3369 1371 3450; x_wconf 91' lang='lat' dir='ltr'>opportuno</span> <span class='ocrx_word' id='word_1_245' title='bbox 1389 3365 1555 3434; x_wconf 90' lang='lat' dir='ltr'>remedio</span> <span class='ocrx_word' id='word_1_246' title='bbox 1571 3385 1694 3436; x_wconf 91' lang='lat' dir='ltr'>recur-</span> 
     </span>
     <span class='ocr_line' id='line_1_31' title="bbox 349 3469 1694 3564; baseline 0.007 -28"><span class='ocrx_word' id='word_1_247' title='bbox 349 3487 436 3538; x_wconf 86' lang='lat' dir='ltr'>sum</span> <span class='ocrx_word' id='word_1_248' title='bbox 462 3469 683 3554; x_wconf 89' lang='lat' dir='ltr'>habuerunt‚</span> <span class='ocrx_word' id='word_1_249' title='bbox 709 3487 824 3554; x_wconf 92' lang='lat' dir='ltr'>quam</span> <span class='ocrx_word' id='word_1_250' title='bbox 850 3488 894 3538; x_wconf 88' lang='grc'>00</span> <span class='ocrx_word' id='word_1_251' title='bbox 918 3473 1137 3558; x_wconf 87' lang='lat' dir='ltr'>tempestate</span> <span class='ocrx_word' id='word_1_252' title='bbox 1161 3471 1353 3540; x_wconf 88' lang='lat' dir='ltr'>Paschalis</span> <span class='ocrx_word' id='word_1_253' title='bbox 1370 3471 1568 3544; x_wconf 87' lang='lat' dir='ltr'>Secundus</span> <span class='ocrx_word' id='word_1_254' title='bbox 1592 3495 1694 3564; x_wconf 89' lang='lat' dir='ltr'>rege-</span> 
     </span>
     <span class='ocr_line' id='line_1_32' title="bbox 349 3577 1691 3670; baseline 0.007 -24"><span class='ocrx_word' id='word_1_255' title='bbox 349 3577 422 3664; x_wconf 88' lang='lat' dir='ltr'>bat,</span> <span class='ocrx_word' id='word_1_256' title='bbox 440 3577 503 3664; x_wconf 90' lang='lat' dir='ltr'>qui</span> <span class='ocrx_word' id='word_1_257' title='bbox 519 3595 588 3663; x_wconf 93' lang='lat' dir='ltr'>pro</span> <span class='ocrx_word' id='word_1_258' title='bbox 605 3581 704 3646; x_wconf 91' lang='lat' dir='ltr'>tanta</span> <span class='ocrx_word' id='word_1_259' title='bbox 722 3578 942 3666; x_wconf 86' lang='lat' dir='ltr'>regerenda</span> <span class='ocrx_word' id='word_1_260' title='bbox 960 3583 1076 3648; x_wconf 89' lang='lat' dir='ltr'>totum</span> <span class='ocrx_word' id='word_1_261' title='bbox 1094 3581 1281 3668; x_wconf 89' lang='lat' dir='ltr'>commisit</span> <span class='ocrx_word' id='word_1_262' title='bbox 1296 3583 1487 3670; x_wconf 84' lang='lat' dir='ltr'>negotium</span> <span class='ocrx_word' id='word_1_263' title='bbox 1505 3585 1691 3656; x_wconf 89' lang='lat' dir='ltr'>Richardo</span> 
     </span>
     <span class='ocr_line' id='line_1_33' title="bbox 349 3679 1692 3775; baseline 0.01 -24"><span class='ocrx_word' id='word_1_264' title='bbox 349 3681 551 3752; x_wconf 85' lang='lat' dir='ltr'>Albanensi</span> <span class='ocrx_word' id='word_1_265' title='bbox 576 3685 772 3772; x_wconf 90' lang='lat' dir='ltr'>Episcopo,</span> <span class='ocrx_word' id='word_1_266' title='bbox 797 3689 832 3752; x_wconf 92' lang='lat' dir='ltr'>et</span> <span class='ocrx_word' id='word_1_267' title='bbox 856 3685 891 3754; x_wconf 88' lang='lat' dir='ltr'>S.</span> <span class='ocrx_word' id='word_1_268' title='bbox 907 3687 948 3753; x_wconf 85' lang='lat' dir='ltr'>R.</span> <span class='ocrx_word' id='word_1_269' title='bbox 962 3687 1001 3754; x_wconf 93' lang='lat' dir='ltr'>E.</span> <span class='ocrx_word' id='word_1_270' title='bbox 1020 3686 1213 3772; x_wconf 89' lang='lat' dir='ltr'>Cardinali,</span> <span class='ocrx_word' id='word_1_271' title='bbox 1238 3689 1300 3775; x_wconf 90' lang='lat' dir='ltr'>qni</span> <span class='ocrx_word' id='word_1_272' title='bbox 1318 3689 1486 3759; x_wconf 90' lang='lat' dir='ltr'>eiusdem</span> <span class='ocrx_word' id='word_1_273' title='bbox 1504 3679 1692 3764; x_wconf 79' lang='lat' dir='ltr'>Pontificis</span> 
     </span>
     <span class='ocr_line' id='line_1_34' title="bbox 349 3790 1691 3887; baseline 0.008 -29"><span class='ocrx_word' id='word_1_274' title='bbox 349 3791 474 3876; x_wconf 88' lang='lat' dir='ltr'>iussu,</span> <span class='ocrx_word' id='word_1_275' title='bbox 511 3790 559 3860; x_wconf 89' lang='lat' dir='ltr'>ad</span> <span class='ocrx_word' id='word_1_276' title='bbox 587 3792 685 3860; x_wconf 88' lang='lat' dir='ltr'>banc</span> <span class='ocrx_word' id='word_1_277' title='bbox 717 3793 875 3861; x_wconf 86' lang='lat' dir='ltr'>accessit</span> <span class='ocrx_word' id='word_1_278' title='bbox 902 3793 1100 3878; x_wconf 89' lang='lat' dir='ltr'>Eremum,</span> <span class='ocrx_word' id='word_1_279' title='bbox 1138 3797 1173 3862; x_wconf 91' lang='lat' dir='ltr'>et</span> <span class='ocrx_word' id='word_1_280' title='bbox 1203 3796 1360 3864; x_wconf 89' lang='lat' dir='ltr'>comitiis</span> <span class='ocrx_word' id='word_1_281' title='bbox 1391 3797 1691 3887; x_wconf 85' lang='lat' dir='ltr'>intervenienda,</span> 
     </span>
     <span class='ocr_line' id='line_1_35' title="bbox 348 3899 1692 3996; baseline 0.007 -26"><span class='ocrx_word' id='word_1_282' title='bbox 348 3901 520 3970; x_wconf 91' lang='lat' dir='ltr'>omnium</span> <span class='ocrx_word' id='word_1_283' title='bbox 545 3899 751 3990; x_wconf 82' lang='lat' dir='ltr'>suffragiis,</span> <span class='ocrx_word' id='word_1_284' title='bbox 787 3903 964 3970; x_wconf 91' lang='lat' dir='ltr'>canonice</span> <span class='ocrx_word' id='word_1_285' title='bbox 992 3902 1132 3972; x_wconf 90' lang='lat' dir='ltr'>electus</span> <span class='ocrx_word' id='word_1_286' title='bbox 1161 3901 1227 3974; x_wconf 86' lang='lat' dir='ltr'>luit</span> <span class='ocrx_word' id='word_1_287' title='bbox 1256 3906 1292 3972; x_wconf 92' lang='lat' dir='ltr'>in</span> <span class='ocrx_word' id='word_1_288' title='bbox 1316 3908 1440 3975; x_wconf 90' lang='lat' dir='ltr'>Eremi</span> <span class='ocrx_word' id='word_1_289' title='bbox 1470 3909 1692 3996; x_wconf 84' lang='lat' dir='ltr'>Magistrum</span> 
     </span>
     <span class='ocr_line' id='line_1_36' title="bbox 348 4007 1693 4101; baseline 0.008 -25"><span class='ocrx_word' id='word_1_290' title='bbox 348 4007 539 4096; x_wconf 86' lang='lat' dir='ltr'>praelatus</span> <span class='ocrx_word' id='word_1_291' title='bbox 563 4009 671 4078; x_wconf 89' lang='lat' dir='ltr'>Pater</span> <span class='ocrx_word' id='word_1_292' title='bbox 694 4009 897 4096; x_wconf 89' lang='lat' dir='ltr'>Lanuinus‚</span> <span class='ocrx_word' id='word_1_293' title='bbox 922 4009 992 4094; x_wconf 92' lang='lat' dir='ltr'>cui,</span> <span class='ocrx_word' id='word_1_294' title='bbox 1018 4011 1065 4079; x_wconf 89' lang='lat' dir='ltr'>ab</span> <span class='ocrx_word' id='word_1_295' title='bbox 1090 4011 1170 4096; x_wconf 87' lang='lat' dir='ltr'>ipso</span> <span class='ocrx_word' id='word_1_296' title='bbox 1195 4013 1269 4081; x_wconf 93' lang='lat' dir='ltr'>iam</span> <span class='ocrx_word' id='word_1_297' title='bbox 1295 4013 1531 4101; x_wconf 84' lang='lat' dir='ltr'>confirmato,</span> <span class='ocrx_word' id='word_1_298' title='bbox 1557 4034 1693 4088; x_wconf 90' lang='lat' dir='ltr'>omnes</span> 
     </span>
    </p>
   </div>
   <div class='ocr_carea' id='block_1_3' title="bbox 348 4115 1694 4617">
    <p class='ocr_par' dir='ltr' id='par_1_4' title="bbox 348 4115 1694 4617">
     <span class='ocr_line' id='line_1_37' title="bbox 348 4115 1694 4207; baseline 0.007 -25"><span class='ocrx_word' id='word_1_299' title='bbox 348 4115 595 4186; x_wconf 88' lang='lat' dir='ltr'>obedientiam</span> <span class='ocrx_word' id='word_1_300' title='bbox 621 4117 884 4203; x_wconf 84' lang='lat' dir='ltr'>promiserunt.</span> <span class='ocrx_word' id='word_1_301' title='bbox 920 4115 1157 4188; x_wconf 86' lang='lat' dir='ltr'>Confirmatis</span> <span class='ocrx_word' id='word_1_302' title='bbox 1182 4119 1304 4207; x_wconf 91' lang='lat' dir='ltr'>itaque</span> <span class='ocrx_word' id='word_1_303' title='bbox 1328 4126 1363 4189; x_wconf 90' lang='lat' dir='ltr'>et</span> <span class='ocrx_word' id='word_1_304' title='bbox 1386 4120 1552 4190; x_wconf 89' lang='lat' dir='ltr'>solidatis</span> <span class='ocrx_word' id='word_1_305' title='bbox 1577 4125 1694 4192; x_wconf 90' lang='lat' dir='ltr'>omni·</span> 
     </span>
     <span class='ocr_line' id='line_1_38' title="bbox 350 4221 1694 4316; baseline 0.005 -26"><span class='ocrx_word' id='word_1_306' title='bbox 350 4221 431 4308; x_wconf 85' lang='grc'>1105,</span> <span class='ocrx_word' id='word_1_307' title='bbox 447 4227 567 4310; x_wconf 83' lang='lat' dir='ltr'>&#39;atque</span> <span class='ocrx_word' id='word_1_308' title='bbox 592 4224 831 4292; x_wconf 90' lang='lat' dir='ltr'>eremitarum</span> <span class='ocrx_word' id='word_1_309' title='bbox 857 4224 1056 4294; x_wconf 87' lang='lat' dir='ltr'>concordia</span> <span class='ocrx_word' id='word_1_310' title='bbox 1080 4231 1222 4312; x_wconf 90' lang='lat' dir='ltr'>pacata,</span> <span class='ocrx_word' id='word_1_311' title='bbox 1247 4227 1340 4295; x_wconf 90' lang='lat' dir='ltr'>illico</span> <span class='ocrx_word' id='word_1_312' title='bbox 1364 4227 1589 4298; x_wconf 86' lang='lat' dir='ltr'>Albancnsis</span> <span class='ocrx_word' id='word_1_313' title='bbox 1612 4231 1694 4316; x_wconf 93' lang='lat' dir='ltr'>Epi·</span> 
     </span>
     <span class='ocr_line' id='line_1_39' title="bbox 348 4331 1690 4423; baseline 0.004 -23"><span class='ocrx_word' id='word_1_314' title='bbox 348 4349 490 4418; x_wconf 91' lang='lat' dir='ltr'>scopus</span> <span class='ocrx_word' id='word_1_315' title='bbox 514 4351 575 4400; x_wconf 89' lang='lat' dir='ltr'>res</span> <span class='ocrx_word' id='word_1_316' title='bbox 599 4331 923 4416; x_wconf 88' lang='lat' dir='ltr'>quemadmodum</span> <span class='ocrx_word' id='word_1_317' title='bbox 947 4332 1093 4419; x_wconf 89' lang='lat' dir='ltr'>cecidit,</span> <span class='ocrx_word' id='word_1_318' title='bbox 1119 4338 1154 4402; x_wconf 92' lang='lat' dir='ltr'>et</span> <span class='ocrx_word' id='word_1_319' title='bbox 1179 4339 1251 4402; x_wconf 90' lang='lat' dir='ltr'>tota</span> <span class='ocrx_word' id='word_1_320' title='bbox 1277 4353 1354 4419; x_wconf 90' lang='lat' dir='ltr'>res,</span> <span class='ocrx_word' id='word_1_321' title='bbox 1387 4355 1462 4422; x_wconf 91' lang='lat' dir='ltr'>quo</span> <span class='ocrx_word' id='word_1_322' title='bbox 1491 4336 1571 4405; x_wconf 93' lang='lat' dir='ltr'>loco</span> <span class='ocrx_word' id='word_1_323' title='bbox 1597 4341 1690 4423; x_wconf 89' lang='grc'>0101,</span> 
     </span>
     <span class='ocr_line' id='line_1_40' title="bbox 348 4438 1692 4530; baseline 0.002 -20"><span class='ocrx_word' id='word_1_324' title='bbox 348 4441 396 4510; x_wconf 86' lang='grc'>011</span> <span class='ocrx_word' id='word_1_325' title='bbox 422 4438 637 4508; x_wconf 84' lang='lat' dir='ltr'>Pontificem</span> <span class='ocrx_word' id='word_1_326' title='bbox 662 4440 824 4527; x_wconf 86' lang='lat' dir='ltr'>scripsit,</span> <span class='ocrx_word' id='word_1_327' title='bbox 858 4440 920 4527; x_wconf 90' lang='lat' dir='ltr'>qui</span> <span class='ocrx_word' id='word_1_328' title='bbox 952 4459 1184 4529; x_wconf 87' lang='lat' dir='ltr'>magnopere</span> <span class='ocrx_word' id='word_1_329' title='bbox 1210 4440 1401 4528; x_wconf 84' lang='lat' dir='ltr'>exultans,</span> <span class='ocrx_word' id='word_1_330' title='bbox 1434 4443 1618 4530; x_wconf 87' lang='lat' dir='ltr'>Epistolas</span> <span class='ocrx_word' id='word_1_331' title='bbox 1643 4445 1692 4514; x_wconf 90' lang='lat' dir='ltr'>ad</span> 
     </span>
     <span class='ocr_line' id='line_1_41' title="bbox 350 4547 831 4617; baseline 0 -3"><span class='ocrx_word' id='word_1_332' title='bbox 350 4548 478 4615; x_wconf 89' lang='lat' dir='ltr'>Patres</span> <span class='ocrx_word' id='word_1_333' title='bbox 502 4551 650 4615; x_wconf 90' lang='lat' dir='ltr'>nostros</span> <span class='ocrx_word' id='word_1_334' title='bbox 674 4547 831 4617; x_wconf 83' lang='lat' dir='ltr'>dictavit.</span> 
     </span>
    </p>
   </div>
   <div class='ocr_carea' id='block_1_4' title="bbox 0 0 1842 5264">
    <p class='ocr_par' dir='ltr' id='par_1_5' title="bbox 0 0 1842 5264">
     <span class='ocr_line' id='line_1_42' title="bbox 0 0 1842 5264; baseline 0 0"><span class='ocrx_word' id='word_1_335' title='bbox 0 0 1842 5264; x_wconf 95' lang='lat' dir='ltr'> </span> 
     </span>
    </p>
   </div>
  </div>
 </body>
</html>
