3674 5264
742 299 846 344 anrvn
955 341 957 346 ,
1423 282 1479 344 851

116 399 319 469 diciaiibus
341 401 535 485 habeatur,
560 418 659 488 quae
681 401 841 468 Nostrae
866 397 1065 469 voluntatis
1081 399 1339 488 significationi
1362 401 1466 471 hisce
1513 453 1517 462 .

122 505 255 574 Liberis
279 507 442 575 ostensis
465 507 676 576 baberetur.

211 614 350 682 Datum
377 615 522 682 Romae
550 613 652 700 apud
687 589 867 682 Sanctum
899 613 1051 684 Petrum
1080 616 1152 686 sub
1182 616 1322 706 annulo
1347 617 1467 700 Pisca-

118 719 212 788 toris
237 720 296 792 die
321 721 442 788 XVIII
466 721 603 810 Aprilis
627 720 911 808 MDCCCXCIII‚
936 719 1178 792 pontificatus
1208 723 1333 792 Nostri
1356 725 1466 793 Anno

122 828 400 898 Decimosexto

191 1005 232 1072 L·
253 1011 290 1082 ’Β
311 1005 348 1074 S·
574 1110 879 1180 SERAPHINUS
903 1110 1014 1180 Canu.
1039 1110 1358 1180 VANNUTELLI.

328 1453 330 1459 ι
531 1324 1063 1426 werra—-

302 1591 378 1728 11
422 1591 1008 1729 scrutaremur
1052 1589 1296 1727 concur
1395 1642 1398 1672 =

699 1837 933 1876 -Ψ-

621 1977 981 2108 cisramanrs

675 2243 928 2295 MATRIMONII.

251 2443 311 2500 bre
334 2443 356 2498 6
377 2443 465 2500 Maii
489 2440 588 2503 1893,

851 2539 926 2588 Sess.
947 2538 983 2586 24
1001 2551 1061 2602 cap.
1082 2536 1098 2587 3
1117 2536 1150 2585 tle
1171 2536 1293 2588 Reform.
1314 2539 1397 2586 matr.

211 2687 474 2782 Oournunruu
504 2714 632 2768 sacri.
664 2690 735 2767 Die
768 2691 815 2778 lo
844 2690 1062 2766 Decembris
1095 2688 1220 2782 1874,
1262 2688 1302 2764 111
1331 2687 1474 2772 Cathe-

124 2809 224 2885 drali
254 2809 428 2886 Ecclesia
456 2810 645 2887 Dioeoesis
675 2811 938 2912 Castrimaris
971 2811 1083 2886 iuxta
1111 2809 1230 2886 ritum
1262 2809 1302 2906 S.
1336 2809 1388 2885 n.
1421 2807 1469 2884 E.

129 2955 195 3030 per
222 2930 339 3006 verba
365 2929 410 3004 de
438 2931 654 3033 praesenti,
687 2929 976 3006 matrimonium
1005 2920 1282 3004 contraxerunt
1312 2925 1473 3004 Carolus

129 3049 233 3142 Orel,
265 3049 384 3126 annos
407 3055 521 3126 natus
540 3050 607 3144 28,
640 3055 680 3127 et
699 3049 866 3126 Paulina
884 3048 1151 3126 Gambardelia
1180 3047 1219 3124 in
1240 3050 1365 3123 aetate
1385 3069 1475 3122 con-

128 3170 270 3246 stituta
297 3170 350 3246 22
377 3195 580 3246 annorum.
612 3171 700 3263 Ast,
733 3169 923 3248 contrario
952 3170 1121 3261 numine,
1155 3168 1401 3262 factumest,
1429 3172 1473 3244 ut

132 3293 274 3395 sponsi,
306 3292 429 3395 primo
456 3291 605 3392 quidem
643 3291 762 3394 quoad
792 3293 948 3367 thorum
979 3295 1018 3368 et
1045 3290 1179 3366 deinde
1207 3289 1324 3365 etiam
1352 3289 1473 3390 quoad

132 3417 277 3489 tectum
305 3413 584 3514 separationem
612 3415 854 3513 quaererent,
886 3411 1003 3488 donec
1032 3436 1099 3516 per
1127 3411 1359 3488 senteutiam
1388 3412 1474 3486 Tri-

130 3533 283 3610 bunalis
311 3531 476 3626 Civilis,
515 3533 634 3609 latam
664 3535 730 3609 sub
759 3533 819 3610 die
851 3532 893 3608 11
928 3533 1073 3636 Aprilis
1106 3531 1203 3608 1881
1235 3557 1365 3608 00111111
1393 3557 1474 3608 ma-

129 3655 303 3730 trimonii
332 3654 493 3730 nuilitas
522 3653 714 3732 decl-arata
742 3654 831 3748 fuit,
863 3655 907 3730 ob
935 3655 1011 3730 viri
1040 3654 1306 3757 impotentiam
1326 3655 1476 3730 absolu-

131 3779 226 3868 tam,
259 3775 547 3851 antecedentem
576 3779 615 3850 et
644 3778 880 3877 perpetuam.

210 3897 293 3973 Hac
321 3898 476 3974 obtenta
504 3896 697 3973 nullitatis
726 3897 939 3988 sententia,
978 3894 1117 3970 mulier
1145 3895 1279 3972 civiles
1318 3894 1474 3998 nuptias

132 4016 248 4093 inivit
285 4041 372 4092 cum
410 4016 484 4092 alio
513 4017 621 4107 viro;
661 4017 725 4092 sed
763 4021 894 4118 postea
927 4013 1019 4090 facti
1048 4014 1271 4116 poenitenS,
1311 4015 1378 4088 sub
1415 4013 1475 4088 die

132 4133 185 4212 24
213 4137 436 4212 Novembris
470 4135 571 4215 1887
600 4135 788 4238 supplices
818 4159 946 4237 preces
975 4134 1145 4236 porrexit
1173 4132 1288 4210 SSmo
1313 4133 1474 4210 Domino

135 4256 288 4351 Nostro,
320 4252 616 4360 ut'dignaretur
647 4257 827 4332 canonice
855 4254 1046 4330 declarare
1084 4243 1303 4330 nullitatem
1340 4253 1477 4330 matri·
1575 4261 1579 4270 '

137 4376 250 4452 monii
278 4376 339 4450 sui
368 4401 453 4451 cum
482 4376 619 4453 Oarolo
649 4375 754 4468 Oret,
791 4375 838 4450 ad
864 4373 1042 4450 effectum
1071 4374 1357 4450 matrimonium
1385 4398 1476 4450 con-

138 4495 311 4571 trahendi
340 4519 425 4569 oum
453 4495 551 4587 viro,
582 4521 669 4571 cum
697 4519 769 4596 quo
798 4495 966 4570 civiliter
995 4491 1105 4568 unita
1133 4494 1404 4596 reperiebatur,
1435 4495 1476 4567 et

138 4638 257 4717 aquo
286 4614 458 4692 recedere
487 4616 592 4692 civili
624 4617 707 4718 lege
736 4640 810 4692 non
841 4601 1006 4718 poterat.
