3694 5230
669 313 824 358 erisrota
843 311 1025 357 sacramen
1462 287 1523 351 liiii

170 416 299 486 studio
323 417 360 485 in
383 415 521 486 talibus
541 414 728 486 Sodalitiis
743 414 960 502 condendis
977 410 1259 501 amplificandis,
1276 410 1518 481 moderandis

170 543 245 611 per
269 528 327 594 est
349 523 575 594 contendere
599 526 635 592 ei
658 521 753 610 eniti,
778 540 855 590 non
872 540 971 591 unos
994 521 1187 610 inquimus
1209 519 1386 588 alumnos
1401 518 1523 588 Domi-

171 631 247 699 nici
263 631 393 717 PetriS,
418 648 654 718 quemquam
672 629 721 698 illi
742 647 791 698 ex
807 629 1001 716 discipline
1017 647 1088 698 sua
1111 628 1248 698 delient
1263 643 1519 712 summopere,

172 731 245 800 sed
261 737 445 820 quotquot
460 735 653 818 praeterea
672 735 760 800 sunt
775 731 989 802 arianarum
1005 734 1207 815 curatores
1232 729 1267 796 in
1285 727 1404 798 sacris
1417 745 1524 813 prae·

172 838 306 907 sertim
331 837 489 906 aedibus
512 836 577 905 uhi
599 836 662 905 ille
684 836 760 907 iam
786 836 971 907 hahentur
999 837 1160 926 legitime
1183 835 1357 904 instItuta.
1395 835 1519 919 Atque

173 945 288 1014 etiem
312 943 430 1014 Nobis
455 943 622 1030 maxirne
645 943 682 1012 in
706 944 803 1013 votis
819 949 884 1032 est
908 948 950 1014 ut
965 945 1029 1032 qui
1046 961 1177 1014 sacras
1192 941 1448 1029 expeditiones
1471 939 1520 1008 ad

173 1049 310 1120 Christi
340 1049 563 1137 doctrinam,
600 1051 660 1120 vel
691 1050 786 1120 Inter
809 1053 992 1122 barbares
1015 1055 1146 1140 gentes
1176 1047 1428 1118 invehendam
1461 1045 1522 1115 vel

173 1158 280 1244 apud
302 1156 473 1226 excultas
495 1155 798 1228 confirmandam
821 1158 970 1244 obeunt,
996 1159 1068 1227 hac
1091 1158 1178 1226 item
1202 1156 1239 1224 in
1255 1174 1297 1226 re
1318 1155 1522 1224 elaborent.

172 1301 221 1314 -
244 1265 340 1352 Ipsis
363 1264 540 1334 omnihus
564 1264 835 1352 hortatoribuS,
860 1265 1015 1334 minime
1038 1264 1272 1351 dubitemne,
1300 1263 1390 1350 quin
1413 1260 1519 1329 multi

173 1391 197 1442 e
221 1369 530 1441 Christtfldelibus
553 1371 680 1442 animo
705 1372 851 1443 alacres
873 1372 987 1442 futuri
1011 1372 1091 1456 sini,
1120 1372 1288 1458 quitum
1312 1369 1436 1439 eidem
1458 1367 1523 1437 So

172 1477 314 1548 daliiati
337 1477 426 1548 dent
448 1497 598 1564 nomen,
622 1481 705 1548 tum
725 1478 861 1550 eximie
877 1481 1052 1550 studeant
1067 1479 1166 1548 bone
1182 1478 1320 1564 intima,
1345 1495 1443 1564 quae
1460 1493 1523 1544 ex-

172 1584 392 1673 posuimus,
415 1585 587 1672 assequi,
613 1585 673 1654 ille
698 1586 877 1655 nimirum
901 1587 1040 1676 quihus
1063 1586 1155 1656 ratio
1179 1589 1215 1654 et
1236 1582 1520 1673 quodammodo

173 1709 239 1759 res
270 1691 417 1759 Roserii
451 1691 669 1760 continetur.
708 1691 768 1760 Ab
800 1692 975 1779 exemplo
1007 1695 1134 1763 autem
1169 1691 1364 1761 Sodalium
1399 1689 1521 1758 maior

173 1797 367 1886 quaedam
390 1797 598 1866 reverentie
623 1801 659 1867 et
680 1798 800 1885 pletas
824 1816 913 1888 erga
930 1799 1057 1886 ipsum
1072 1799 1217 1868 Rosarii
1234 1799 1377 1868 cultum
1401 1797 1449 1867 ad
1465 1815 1522 1866 ce-

172 1911 277 1974 teros
291 1904 459 1974 manabit
472 1903 620 1973 fideles:
641 1905 768 1993 quiite
785 1907 940 1993 excitati,
958 1907 1160 1993 ampliores
1175 1907 1392 1994 impendent
1406 1923 1520 1976 cures

171 2015 226 2097 ut,
252 2011 355 2099 quod
371 2011 488 2080 Nobis
504 2009 867 2082 desideratissimum
884 2019 950 2101 est,
975 2014 1198 2083 eorumdem
1220 2011 1442 2082 salutarium
1457 2011 1522 2079 ho

174 2137 318 2186 norum
341 2119 491 2205 copiam
513 2119 664 2189 abunde
687 2120 913 2208 participent.

242 2225 346 2294 Haec
370 2225 479 2295 nobis
494 2225 604 2314 igitur
619 2226 812 2312 praelucet
826 2246 925 2314 spes,
951 2229 1023 2298 hac
1038 2227 1214 2297 ducimur
1229 2231 1340 2314 atque
1355 2224 1392 2292 in
1408 2223 1520 2292 tantis

173 2331 403 2420 reipublicae
427 2331 575 2401 demnis
598 2332 709 2402 valde
733 2351 968 2404 recreamur:
1004 2354 1101 2422 quae
1125 2338 1165 2404 ui
1188 2332 1299 2420 plena
1322 2331 1516 2414 succedet,

172 2439 257 2525 ipsa
282 2441 439 2507 exorata
462 2437 597 2508 efficiet
620 2439 766 2508 Rosarii
790 2440 976 2510 inventrix
1000 2446 1035 2510 ei
1058 2441 1246 2530 magistre,
1271 2439 1335 2508 Dei
1353 2442 1390 2507 et
1404 2437 1523 2506 hoini-

173 2563 270 2614 nmn
295 2546 590 2631 Meter,an1a.
630 2547 725 2615 Fore
748 2553 875 2616 eutem
900 2551 1024 2618 vestra
1049 2549 1218 2618 omnium
1243 2565 1375 2634 opera,
1399 2547 1519 2614 Vene-

172 2651 313 2721 rabiles
337 2653 496 2739 Fratres
522 2651 760 2741 confidimus
783 2659 825 2724 ut
847 2656 1073 2726 documente
1098 2659 1133 2725 et
1149 2659 1233 2724 vota
1251 2654 1386 2722 Nostra
1407 2649 1455 2720 ed
1470 2649 1521 2719 fa-

171 2757 366 2828 miliarum
389 2759 687 2846 prosperitatem,
712 2760 761 2830 ad
784 2779 918 2847 pacem
941 2762 1170 2850 populorum
1194 2765 1230 2831 et
1245 2779 1358 2829 omne
1374 2759 1517 2829 bonum

171 2865 360 2934 evenient.
385 2901 430 2912 -
453 2866 597 2936 Interea
622 2866 836 2936 divinornm
861 2887 1064 2939 munerum
1082 2869 1275 2957 auspicem
1297 2887 1342 2938 ac
1360 2868 1521 2937 benevo-

170 2972 307 3042 lentiae
331 2973 489 3040 Nostrae
512 2977 656 3059 testem,
682 2974 789 3042 vobis
809 2975 966 3064 singulis
990 2981 1026 3044 et
1042 2975 1142 3046 clero
1158 2975 1375 3063 populoque
1390 2977 1518 3042 vestro

170 3078 432 3164 apostolicam
453 3078 752 3148 benedictionem
775 3086 1014 3168 peramanter
1036 3082 1073 3150 in
1090 3083 1247 3150 Domino
1271 3082 1518 3167 impertimus.

238 3185 379 3253 Datum
392 3186 538 3254 Romae
549 3186 651 3272 apud
666 3186 702 3256 S.
715 3187 871 3257 Petrum
885 3188 944 3256 die
959 3209 1022 3258 vm
1036 3190 1217 3276 septemb.
1234 3207 1518 3274 enmnoccxcrn,

171 3289 415 3379 pontificatus
438 3293 562 3361 Nostri
586 3295 852 3364 sextodecimo.

694 3507 785 3576 LEO
813 3509 880 3576 PP.
905 3507 1002 3576 XIII.

527 3731 1168 3788 ...Φὲθῇωῷ

223 3953 387 4012 tristitia
406 3953 485 4013 ssnt
507 3957 535 4014 li.
552 3958 582 4014 ii.
600 3958 697 4014 teonis
717 3959 806 4027 Papae
826 3959 881 4016 iiiii
900 3960 934 4016 sd
954 3961 1104 4029 Episcopus
1123 3961 1288 4034 liispsnlm3
1308 3963 1342 4018 iis
1361 3962 1469 4018 iirtsns

533 4046 697 4102 clericorum
719 4048 936 4116 hispaniensium
957 4050 1077 4120 solisqio
1097 4051 1234 4121 tripentis.
1279 4083 1284 4095 ·

262 4245 347 4312 Non
372 4243 552 4314 mediocri
576 4264 666 4314 cura
691 4247 962 4335 vigilantiaque,
987 4253 1027 4317 ut
1050 4250 1176 4336 nostis,
1200 4249 1359 4318 vixdum
1382 4250 1431 4319 ad
1454 4253 1519 4320 Ec·

178 4347 312 4420 etesiae
335 4350 593 4438 gubernacula
617 4355 858 4441 accessimus
883 4357 977 4423 tueri
1001 4350 1104 4442 apud
1137 4375 1206 4424 vos
1239 4362 1350 4444 atque
1377 4375 1517 4444 augere

178 4473 255 4523 rem
271 4456 495 4526 catholicam
513 4459 737 4545 studuimus,
755 4459 1013 4548 inprimisque
1032 4459 1185 4530 firmare
1203 4463 1416 4531 animorum
1432 4482 1516 4532 con-

177 4563 359 4650 cordiem,
386 4569 422 4633 et
448 4564 682 4654 fructuosam
704 4567 797 4635 Cleri
821 4568 1042 4637 industriam
1073 4569 1246 4637 excitare.
1277 4571 1385 4638 Nune
1411 4588 1514 4655 vere,
