3650 5242
686 303 920 350 ausxauuura'a
1423 291 1481 355 lob

216 402 346 505 Neque
367 405 447 481 vim
468 405 603 483 habere
623 411 799 484 autumat
818 408 934 484 aliam
957 411 1109 513 parochi
1130 411 1170 488 S.
1186 413 1338 492 loannis
1358 413 1482 488 anim-

131 522 415 619 adversionem,
446 553 521 630 qua
547 528 665 604 etiam
693 531 887 606 sententia
920 555 989 608 usa
1027 530 1116 625 fuit,
1152 531 1331 609 videlicet
1351 533 1391 608 in
1412 534 1482 612 hoc

136 643 277 722 iudicio
306 649 384 722 tres
414 648 595 750 parochos
624 649 782 741 sistere,
812 650 900 750 quia
928 652 1104 728 nesciunt
1132 654 1193 729 cui
1221 678 1343 730 novae
1371 654 1481 730 aedes

135 765 406 846 adscribendae
443 769 537 846 sint.
577 769 734 846 Etenim
768 771 920 864 asserit,
968 772 1196 850 urbanorum
1232 774 1482 877 parochorum

136 887 198 964 ius
229 913 305 966 non
333 889 442 966 modo
470 889 509 966 in
539 889 608 966 illa
635 890 760 967 fronte
788 892 933 966 versari
963 917 1057 993 quae
1086 894 1297 996 paroeciam
1327 895 1483 998 respicit

136 1007 180 1084 S.
212 1009 382 1103 loannis,
413 1011 621 1088 sedetiam
650 1012 691 1087 in
720 1014 800 1087 toto
828 1013 1019 1088 moenium
1056 1013 1201 1090 ambitu
1229 1039 1249 1088 e
1277 1019 1482 1118 conspectu

136 1130 259 1206 totius
288 1132 428 1208 ruralis
457 1132 656 1208 territorii.
688 1132 857 1208 Definita
885 1156 976 1208 uero
1004 1159 1025 1208 a
1055 1139 1091 1212 S.
1115 1132 1160 1210 O.
1184 1133 1230 1210 O.
1262 1135 1406 1212 urbana
1424 1135 1484 1210 iu-

136 1253 312 1329 risdictio
338 1254 379 1330 in
409 1255 617 1347 moenibus
648 1253 766 1330 trium
797 1252 1046 1354 parochorum
1065 1253 1140 1330 erit
1167 1255 1270 1330 inter
1298 1278 1337 1330 se
1356 1255 1485 1332 omnia

131 1397 362 1474 componere
380 1379 419 1450 et
439 1373 620 1474 cuiusque
650 1373 793 1449 limites
812 1373 1034 1450 describere.
1067 1375 1230 1449 'landem
1255 1379 1366 1476 putat
1385 1374 1483 1450 nihil

133 1492 183 1568 ad
214 1493 518 1570 adversariorum
549 1519 703 1570 causam
732 1493 903 1569 conterre
931 1517 1155 1596 responsum
1185 1493 1224 1570 S.
1247 1493 1293 1571 O.
1316 1495 1356 1570 in
1386 1496 1485 1572 Gra-

136 1613 422 1716 tianopolitana
448 1614 522 1689 diei
551 1612 599 1689 al
628 1613 722 1688 Maii
749 1613 949 1717 praeteriti
978 1612 1085 1689 anni.
1117 1615 1223 1689 Tunc
1251 1615 1352 1690 enirn
1381 1615 1485 1690 inter

135 1733 328 1811 finitimas
344 1735 548 1837 paroecias
578 1733 696 1808 nutris
725 1740 877 1810 tantum
898 1737 938 1809 et
962 1733 1271 1836 propugnaculis
1295 1759 1371 1810 non
1391 1757 1482 1812 vero

134 1878 320 1956 agrorum
351 1855 515 1958 planitie,
541 1855 652 1930 unius
681 1853 852 1930 milliarii
881 1853 1094 1930 disiunctas
1113 1855 1374 1956 quaestionem
1402 1857 1486 1958 agi·

134 1981 264 2052 tatanr
296 1977 412 2052 luisse
448 1975 597 2068 recolit,
629 1979 743 2076 atque
772 1975 848 2050 iam
876 1976 920 2050 ab
953 2000 1054 2051 anno
1086 1975 1187 2052 1858
1216 1976 1261 2052 ab
1298 1976 1484 2080 Episcopo

132 2095 372 2172 Ginoulhiac
400 2095 659 2199 paroeciarum
687 2095 871 2170 terminos
901 2119 967 2196 per
992 2093 1219 2172 divisionem
1248 2094 1483 2172 controversi

134 2217 329 2294 territorii
358 2216 475 2293 fuisse
503 2218 750 2294 constitutos.

220 2337 281 2412 Ad
311 2341 544 2439 postremum
572 2335 865 2414 contradictoris
894 2341 1163 2438 argumentum
1183 2363 1231 2412 ex
1252 2337 1484 2438 possessione

133 2458 384 2561 desumptum
406 2460 565 2558 gradum
586 2459 730 2535 faciens
758 2463 901 2551 orator,
926 2457 1110 2533 nonnulla
1138 2459 1351 2533 sententiae
1371 2459 1502 2536 verba.

135 2579 450 2682 reprehendenda
491 2586 688 2671 autumat,
719 2579 853 2679 quibus
887 2577 1104 2680 superficies
1142 2602 1361 2652 eversarum
1405 2603 1488 2652 rnu-

136 2701 333 2776 nitionunr
350 2700 408 2776 uti
429 2725 488 2776 res
504 2699 648 2790 nullius
664 2699 907 2792 enunciatur,
928 2699 1082 2799 ideoque
1096 2698 1299 2801 parochunr
1318 2698 1358 2775 S.
1379 2699 1488 2774 loan-

136 2821 316 2898 nis'eam
344 2823 482 2898 merito
510 2821 579 2898 sibi
618 2819 807 2898 addixisse
840 2819 996 2895 dicitur.
1038 2819 1193 2896 Etenim
1227 2819 1315 2894 dato
1343 2823 1383 2896 et
1411 2842 1486 2894 non

135 2965 321 3018 ctrncesso
347 2941 443 3042 quod
478 2963 556 3017 tres
591 2939 744 3043 parochi
764 2940 897 3016 urbani
926 2940 967 3015 in
996 2941 1215 3042 probatione
1240 2939 1483 3032 defecissent,

136 3089 218 3141 non
247 3063 385 3139 exinde
413 3059 472 3137 ius
500 3061 652 3166 parochi
683 3061 823 3137 ruralis
857 3061 1044 3154 oriretur,
1081 3061 1144 3136 sed
1174 3061 1300 3164 potius
1334 3084 1490 3163 respon-

134 3185 223 3264 deri
252 3191 378 3285 posset
407 3183 518 3260 iuxta
547 3181 759 3259 Salomonis
788 3181 1002 3258 oraculum:
1039 3207 1147 3258 «nec
1177 3181 1284 3276 inihi,
1309 3183 1485 3276 necubi,

134 3303 204 3380 sed
233 3305 490 3380 dividatur».
522 3303 728 3379 Praeterea
757 3327 840 3378 cunr
872 3303 1020 3379 moenia
1048 3303 1129 3381 sint
1161 3305 1335 3380 civitatis
1364 3329 1490 3380 acces-

137 3424 302 3516 sorium,
336 3427 466 3526 utpote
495 3422 540 3498 ud
570 3447 702 3498 aarum
730 3421 987 3499 defensionem
1021 3428 1162 3507 erecta,
1196 3425 1340 3499 intrare
1378 3428 1490 3526 putat

140 3544 393 3647 principium:
430 3544 718 3619 «accessorium
758 3544 931 3644 sequitur
965 3544 1233 3646 principale».
1267 3547 1395 3646 Neque
1424 3571 1491 3621 ve-

140 3667 255 3744 ritati
285 3665 356 3740 niti
384 3665 581 3742 contendit
600 3668 783 3766 patronus
803 3665 931 3740 curiae
951 3669 1197 3758 sententiam,
1220 3691 1306 3742 curn
1325 3667 1485 3742 asserit:

137 3787 240 3890 quod
274 3811 390 3888 parva
418 3791 518 3862 esset
546 3787 648 3862 Zona
672 3786 873 3871 territorii,
896 3813 990 3888 quae
1010 3789 1125 3865 tribui
1157 3791 1278 3890 posset
1300 3792 1488 3887 quatenus

138 3909 330 4013 paroeciis
369 3907 523 3983 urbanis
562 3907 675 3982 tribui
714 3907 879 3983 deberet.
921 3909 1110 4010 Siquidem
1137 3935 1184 3984 ex
1224 3908 1490 4010 lytographico

140 4050 239 4132 typo
269 4055 290 4102 a
319 4027 498 4132 praesidii
536 4026 746 4104 chiliarcho
783 4027 885 4103 edito
920 4029 1032 4104 acin
1070 4029 1168 4106 actis
1201 4027 1321 4103 relato
1357 4027 1487 4132 colligi

136 4155 289 4228 censet.
322 4173 442 4226 novas
471 4159 510 4224 et
538 4147 684 4249 amplas
712 4147 822 4224 aedes
842 4173 917 4224 non
947 4149 1070 4225 solum
1099 4150 1140 4224 in
1168 4148 1366 4250 superficie
1386 4173 1490 4224 ever-

138 4293 274 4346 sarum
305 4269 577 4360 munitionum,
609 4267 672 4342 sed
701 4267 777 4343 imo
811 4269 850 4344 in
880 4270 1054 4346 interiori
1084 4270 1197 4346 huius
1236 4273 1344 4371 parte
1374 4269 1491 4345 fuisse

138 4389 375 4464 aedificatus,

224 4508 392 4584 Tandem
422 4509 542 4585 relate
561 4507 608 4584 ad
627 4508 810 4584 iactatam
838 4511 1112 4612 possessionem
1140 4510 1317 4585 observat
1347 4508 1408 4584 hic
1428 4509 1490 4610 agi

143 4631 190 4708 ‹le
218 4629 370 4706 aedibus
399 4631 574 4706 recenter
601 4621 806 4724 extructis,
829 4656 923 4732 quae
945 4631 1088 4707 nullius
1117 4629 1364 4734 possessionis
1383 4653 1493 4732 prae-
