3674 5264
365 228 409 293 ct
984 245 1086 291 cnara

314 359 318 366 ·
366 347 533 418 unanimi
556 347 804 416 consensione
834 348 1118 435 responderunt.
1150 349 1324 418 Attamen
1347 347 1384 414 in
1409 346 1498 415 tanti
1526 346 1708 415 moment*

337 532 339 536 ,
365 473 416 540 re,
441 457 615 524 Nostram
641 455 786 542 aperire
801 459 967 524 mentem
983 453 1207 539 distulimus,
1224 453 1344 522 donec
1366 451 1517 523 fervidis
1533 452 1712 539 precibus

366 583 388 633 a
404 563 513 632 Patre
531 561 717 660 luminum
734 561 946 630 subsidium
969 577 1226 649 posceremus.
1251 559 1357 642 Quod
1371 579 1459 628 curn
1476 560 1646 646 impense
1661 557 1711 628 fe·
1776 545 1781 556 ’

365 671 561 756 cissemus,
579 670 733 740 taudem
758 669 846 738 anni
870 668 1046 738 vertentis
1062 668 1132 752 dic,
1149 687 1226 754 qua
1248 667 1379 738 salutis
1394 669 1553 736 Nostrae
1576 670 1709 736 Aucto·

364 795 447 846 rem
471 776 508 844 in
532 775 729 846 cunabulis
752 776 853 865 Magi
877 775 1040 844 venerati
1065 779 1161 862 sunt,
1178 774 1350 844 sollemni
1373 776 1522 844 decreto
1545 791 1713 861 pronun·
1824 757 1825 808 ³

365 883 557 969 ciavimuS,
575 882 727 972 procedi
750 886 828 950 tuto
853 880 1030 968 possead
1046 881 1230 951 dictorum
1246 881 1412 969 quinque
1427 879 1710 950 venerabilium

285 975 287 980 ¹
365 991 430 1058 Dei
454 989 699 1059 Famulorum
723 987 1047 1058 Beatitlcationem.

456 1205 560 1285 Quae
583 1222 672 1273 cum
696 1203 746 1273 ita
770 1204 852 1290 sint,
882 1204 978 1288 Nos,
1003 1203 1179 1290 precibus
1209 1203 1321 1274 etiam
1352 1203 1511 1290 permoti
1542 1205 1710 1273 universi
1824 1275 1825 1288 ,

365 1311 669 1381 praedicatorum
696 1312 858 1396 Ordinis,
883 1311 1110 1380 auctoritate
1132 1313 1270 1380 Nostra
1292 1311 1504 1398 apostolica
1535 1331 1710 1399 praesen·

363 1419 458 1487 tium
481 1419 517 1487 vi
545 1417 758 1488 facultatem
785 1417 961 1504 facimus,
991 1422 1032 1487 ut
1054 1419 1297 1488 venerabiles
1328 1419 1393 1488 Dei
1422 1417 1552 1488 tantuli
1574 1420 1709 1488 Petrus

364 1527 507 1612 Martyr
531 1525 628 1596 Sanz
652 1525 861 1612 Episcopus
884 1526 1210 1596 Mauricastrensis
1226 1532 1262 1595 et
1277 1526 1449 1594 Vicarius
1472 1526 1713 1612 Apostolicus
1824 1513 1825 1518 ’

365 1633 583 1702 Provinciae
606 1632 768 1701 Fo-kien
794 1633 829 1699 in
854 1634 986 1720 Regno
1011 1632 1198 1720 Sinarum,
1215 1633 1438 1702 Franciscus
1461 1633 1624 1714 Serrano
1640 1632 1715 1702 ele·
1824 1701 1825 1708 χ

366 1746 448 1809 ctus
461 1741 670 1827 Episcopus
686 1740 922 1826 Tipasitanns
938 1742 974 1808 et
989 1739 1161 1808 Vicarius
1176 1740 1423 1828 apostolicus,
1438 1739 1605 1809 eiusdem
1623 1739 1712 1806 Pro·
1812 1731 1825 1748 '‘

365 1849 509 1916 vinciae
545 1845 722 1928 Fo-kien‚
753 1846 965 1915 loacbimus
998 1848 1123 1933 Royo,
1156 1847 1315 1916 loannes
1343 1847 1503 1916 Alcober
1534 1850 1569 1914 et
1598 1847 1716 1912 Fran·

365 1954 489 2022 uiscus
515 1952 619 2039 Dian,
646 1953 868 2023 Sacerdotes
899 1952 1122 2022 Missionarii
1153 1972 1203 2021 ex
1233 1953 1370 2023 Ordine
1392 1953 1708 2038 Praedicatorum,
1824 2003 1825 2008 ,

365 2063 565 2130 Beatorum
591 2059 743 2128 nomine
758 2059 794 2126 in
813 2063 1007 2145 posterum
1031 2065 1305 2148 nuncupentur,
1324 2078 1532 2146 eorumque
1548 2076 1708 2144 corpora

365 2168 524 2256 lypsana
548 2187 618 2238 seu
641 2165 828 2254 reliquiae,
852 2155 1079 2236 nontamen
1105 2168 1142 2234 in
1166 2167 1412 2236 sollemnibus
1440 2166 1716 2255 supplicationi·
1824 2167 1825 2238 ἶ

365 2279 438 2346 bus
450 2274 683 2366 deferendae,
697 2275 869 2363 publicae
885 2274 1054 2344 fidelium
1070 2277 1298 2345 venerationi
1314 2279 1582 2362 proponantur,
1595 2283 1714 2362 atque
1824 2285 1825 2328 1

364 2387 547 2473 imagines
571 2384 684 2454 radiis
708 2385 941 2454 decorentur.
966 2383 1160 2453 Praeterea
1186 2385 1317 2454 eadem
1335 2384 1552 2452 auctoritate
1570 2385 1708 2451 Nostra
1824 2433 1825 2460 ,

364 2494 617 2580 concedimus,
641 2497 682 2563 ut
705 2494 752 2561 de
775 2491 845 2560 illis
868 2492 1040 2561 recitetur
1064 2491 1236 2560 Officium
1256 2497 1292 2561 et
1306 2493 1421 2562 Missa
1446 2493 1492 2560 de
1516 2492 1709 2560 communi
1824 2477 1825 2542 Ϊ

363 2605 575 2688 Martyrum
600 2617 686 2668 cum
713 2598 945 2667 orationibus
969 2599 1139 2686 propriis,
1164 2599 1264 2666 iuxta
1294 2599 1464 2668 rubricas
1488 2598 1649 2670 Missalis
1673 2611 1712 2668 et
1824 2589 1825 2682 i

363 2705 539 2778 Breviarii
564 2705 724 2773 Romani
749 2723 816 2791 per
839 2706 917 2772 Nos
941 2705 1167 2790 approbatis.
1192 2705 1385 2773 Eiusmodi
1409 2723 1499 2773 vero
1524 2703 1640 2773 Officii
1656 2724 1713 2774 re·
1824 2737 1825 2788 t

362 2813 571 2881 citationem
596 2811 810 2898 Missusque
834 2810 1121 2880 celebrationem
1136 2809 1219 2879 fieri
1242 2811 1485 2880 concedimus
1508 2815 1589 2880 tum
1613 2812 1710 2882 intra

362 2918 459 2988 fines
489 2901 698 2988 vicariatus
728 2917 929 3005 Apostolici
964 2917 1148 3001 Fo-lrien,
1174 2924 1254 2986 tum
1285 2921 1321 2987 in
1353 2919 1529 2987 omnibus
1559 2919 1713 3006 templis

363 3026 552 3096 coenobiis
576 3023 723 3093 Ordinis
751 3025 1055 3094 praedicatorum
1087 3025 1261 3110 adnexiS,
1286 3026 1335 3094 ab
1359 3027 1537 3094 omnibus
1566 3025 1712 3094 Christi·
1824 3035 1825 3128 t

362 3132 550 3215 fidelibus
575 3131 637 3217 qui
669 3132 784 3201 boras
814 3130 1016 3201 canonicas
1045 3133 1199 3202 recitare
1229 3136 1440 3218 teneantur;
1466 3137 1501 3201 et
1528 3133 1631 3220 quod
1656 3133 1704 3202 ad

362 3240 499 3309 Missas
522 3238 647 3307 attinet
662 3237 710 3308 ab
725 3237 902 3306 omnibus
927 3237 1191 3307 Sacerdotibus
1206 3242 1285 3308 tam
1302 3239 1570 3326 saecularibus,
1587 3259 1705 3328 quam

363 3345 600 3434 regularibus
624 3345 671 3413 ad
707 3345 893 3414 Ecclesiae
921 3345 958 3412 in
990 3345 1128 3432 quibus
1161 3343 1298 3444 festum
1337 3346 1459 3434 agitur
1494 3345 1714 3419 confluenti·-

363 3454 446 3521 bus.
463 3452 631 3539 Denique
647 3453 955 3537 concedimus,ut
970 3452 1168 3520 sollemnia
1184 3451 1468 3523 Beatitlcationis
1484 3443 1708 3523 eorumdem

363 3563 529 3649 quinque
552 3563 761 3647 Martyrum
784 3559 1007 3646 supradictis
1032 3560 1069 3626 in
1094 3559 1242 3645 templis
1266 3559 1517 3643 celebrentur,
1543 3576 1631 3626 cum
1655 3557 1715 3627 of·

362 3667 447 3736 ficio
472 3677 507 3736 et
529 3667 653 3734 Missis
677 3667 836 3753 duplicis
864 3666 1017 3734 maioris
1054 3665 1160 3750 ritus;
1185 3667 1287 3752 quod
1319 3666 1472 3752 quidem
1499 3663 1581 3733 fleri
1606 3682 1713 3751 prae-w

363 3775 522 3862 cipimus
546 3773 605 3842 die
629 3793 699 3859 per
727 3773 963 3841 Ordinarium
996 3770 1210 3840 definienda
1237 3772 1331 3841 intra
1363 3772 1529 3859 primum
1552 3790 1711 3856 annum,

363 3887 565 3969 postquam
588 3882 722 3949 eadem
746 3879 940 3948 sollemnia
964 3879 1001 3945 in
1026 3877 1113 3949 nula
1133 3879 1317 3966 superiori
1339 3879 1505 3964 porticus
1529 3877 1711 3946 Basilicac

364 3988 567 4078 vaticanae
590 3986 774 4054 celebrata
799 3983 943 4054 suerint.
968 3987 1050 4052 Non
1075 3985 1310 4055 obstantibus
1331 3983 1654 4053 constitutionibus
1671 3989 1708 4052 ot
1760 4016 1761 4032 π

363 4084 658 4164 ordinationibus
682 4091 913 4178 apostolicis,
938 4109 983 4162 ac
1005 4091 1163 4162 decretis
1184 4092 1230 4160 de
1254 4111 1330 4160 non
1356 4091 1456 4158 cultu
1481 4089 1598 4176 editis,
1616 4093 1712 4158 cete
1756 4085 1766 4183 3³

364 4199 490 4285 risque
514 4199 710 4271 contrariis
733 4199 1047 4285 quibuscumque.
1072 4197 1260 4268 Volumus
1276 4203 1412 4282 autem,
1439 4202 1479 4264 ut
1501 4197 1638 4265 barum
1654 4197 1712 4264 Li·
1752 4200 1760 4221 ¹
1824 4221 1825 4286 i

363 4309 531 4373 terarum
556 4304 740 4390 exernplis
764 4305 873 4373 etiam
897 4304 1112 4391 impressis
1136 4305 1344 4373 dummodo
1373 4322 1489 4372 manu
1514 4303 1709 4372 Secretarii
1751 4287 1764 4395 ξ
1824 4289 1825 4320 ³

364 4409 569 4480 Sacrorum
586 4410 739 4478 Rituum
758 4409 1064 4496 congregationis
1087 4409 1300 4496 subscripta
1315 4410 1395 4496 sint,
1414 4415 1449 4478 et
1465 4411 1582 4498 sigillo
1601 4411 1712 4477 Prae·
1747 4471 1752 4484 ‚

362 4515 445 4598 fecti
470 4517 623 4604 munita,
649 4516 781 4586 eadem
808 4535 967 4602 prorsus
989 4515 1086 4585 fides
1110 4517 1147 4584 in
1172 4517 1502 4603 disceptationibus
1521 4518 1631 4587 etiam
1657 4517 1713 4586 iu·
1748 4504 1758 4562 ²·

1757 4578 1773 4631 t

1759 4642 1776 4729 ἵ
