3674 5264
689 437 1230 623 APPENDIX
1275 469 1307 604 I

333 755 521 811 EXHIBENS
541 755 650 812 ACTA
670 757 770 811 SEDIS
791 756 945 824 APOST.;
968 757 1075 822 QUAE
1095 756 1174 814 AUT
1194 757 1332 812 IAMDIU
1357 739 1544 811 EanATil
1565 755 1679 822 SUNT,

499 859 580 915 AUT
599 859 704 926 QUAE
726 859 964 945 TEMPESTIVQ
985 859 1220 916 LATUERUNT
1241 859 1510 916 EPHEMERIDUM
1629 875 1632 880 ’

858 960 1162 1018 MODERATOREM.

794 1201 1219 1232 —--—-—<>tee<>-———-

426 1434 509 1490 auur.
530 1433 560 1490 s.
575 1433 604 1491 c.
625 1433 760 1491 sorren
784 1436 804 1490 4
828 1434 970 1505 stomaro
992 1435 1051 1491 rear
1072 1466 1107 1474 ι-
1125 1434 1164 1491 uo
1178 1391 1243 1492 ‘ure
1264 1436 1314 1502 so.
1336 1434 1462 1502 tanniu
1486 1433 1580 1492 uarro.

610 1524 759 1580 tuslruotto
777 1523 865 1591 uuoatt
890 1524 1022 1580 nonnulle
1041 1523 1215 1580 nutrimenta
1235 1523 1261 1579 ln
1282 1524 1401 1592 lancula.

426 1722 474 1784 En
498 1717 617 1784 litteris
641 1717 747 1804 Ampl.
775 1723 860 1784 Tuae
877 1707 968 1786 diol
986 1720 1065 1784 Nou.
1082 1721 1167 1786 1888
1191 1717 1274 1783 datis
1299 1717 1468 1805 cognitum
1494 1728 1542 1782 cst
1559 1716 1680 1782 incolas
1728 1791 1743 1818 υ

332 1825 459 1892 insulae
484 1823 628 1908 Kitzuki,
655 1843 696 1888 eu
720 1823 879 1912 progenie
908 1835 1059 1890 ueterum
1089 1825 1335 1890 christianorum
1371 1825 1515 1891 retinere
1544 1817 1680 1911 quidem

332 1931 506 1998 latinarum
530 1949 666 2016 precum
690 1949 799 2012 usum,
825 1949 937 1996 earum
963 1942 1071 1996 tamen
1094 1930 1159 1994 vim
1190 1931 1362 2015 ignorare3
1398 1929 1546 2016 recipere
1576 1930 1681 2016 bapti·

329 2054 456 2118 smum,
482 2037 539 2103 scd
564 2037 607 2102 de
631 2037 717 2102 illius
741 2038 852 2103 valore
877 2037 1040 2120 dubitari3
1068 2027 1273 2102 ethnicorum
1298 2055 1389 2102 more
1406 2035 1532 2120 virere,
1550 2055 1682 2101 eorum-

329 2164 399 2230 que
423 2143 625 2210 matrimonia
658 2155 727 2210 tum
760 2164 799 2209 er
830 2143 961 2211 divortii
994 2142 1245 2227 consuetudine,
1271 2153 1342 2210 tum
1375 2163 1415 2209 ex
1446 2143 1515 2208 aliis
1539 2141 1681 2228 impedi-

331 2253 464 2335 mentis,
490 2250 607 2337 quiltus
643 2251 762 2338 passim
792 2249 1053 2337 obstringuntur,
1085 2249 1223 2316 invalida
1253 2260 1289 2315 ut
1320 2247 1680 2336 plurimumuancnda

333 2377 428 2423 esse:
465 2366 562 2443 atque
597 2357 678 2423 hanc
715 2355 904 2422 abnormem
940 2374 1054 2420 eorum
1087 2354 1308 2422 conditionem
1333 2354 1533 2440 grauissimas
1561 2373 1679 2440 parere

328 2463 541 2530 difficultates
576 2482 652 2529 cum
682 2463 715 2527 in
743 2481 840 2526 verae
876 2460 1039 2527 Ecclesiae
1075 2461 1236 2548 gremium
1274 2461 1453 2547 recipiendi
1481 2473 1566 2528 sunt.
1592 2465 1679 2528 Petis

215 2633 219 2649 ,
333 2570 473 2658 proinde
489 2581 526 2636 ut
543 2589 579 2635 ea
596 2589 696 2656 super
712 2588 747 2634 re
765 2579 853 2633 certa
870 2567 926 2632 tibi
945 2567 1075 2651 tuisque
1093 2567 1297 2632 missionariis
1321 2568 1439 2654 agendi
1455 2587 1566 2633 norma
1583 2585 1679 2654 prae-

331 2677 477 2744 finiatur.
497 2677 554 2742 Cui
579 2675 729 2760 petitioni
747 2673 889 2739 libenter
907 2671 1163 2738 obsecundantes
1182 2673 1250 2738 Emi
1267 2677 1322 2738 PP.
1342 2693 1477 2758 eaquae
1496 2684 1679 2760 sequuntur

230 2773 232 2779 ’
328 2781 390 2847 tibi
416 2781 643 2867 respondenda
669 2779 873 2844 mandarunt.

422 2888 582 2974 Imprimis
607 2886 691 2953 haud
722 2886 829 2972 placet
859 2885 1028 2952 silentium
1053 2887 1134 2954 illud
1167 2887 1254 2972 qnod
1278 2908 1293 2952 a
1318 2893 1362 2954 Te
1386 2899 1549 2973 tamquam
1578 2909 1679 2976 geno-

332 2995 407 3062 ralis
433 2995 547 3078 regula
578 2995 816 3079 praescriptum
850 3003 899 3058 est
930 2993 1014 3058 circa
1046 2991 1233 3080 praeteritas
1265 2995 1394 3079 nuptias
1426 3007 1459 3061 et
1489 3003 1679 3081 praesentes

329 3103 468 3169 uniones
494 3119 622 3183 eorum,
649 3099 703 3183 qui
722 3099 759 3165 ad
777 3117 889 3181 veram,
912 3098 1012 3166 fidem
1037 3099 1145 3166 redire
1170 3098 1318 3184 cupiunt.
1338 3101 1464 3189 Singuli
1481 3103 1568 3169 enim
1586 3123 1679 3170 casus

327 3205 523 3294 explorandi
556 3205 749 3292 prudenter,
780 3217 812 3270 et
841 3204 1031 3292 diligenter,
1061 3206 1263 3272 examinandi
1299 3218 1387 3291 sunt,
1417 3219 1454 3275 ut
1486 3208 1545 3292 eis,
1579 3220 1679 3295 prout

328 3313 505 3379 necessitas
523 3312 676 3398 postulat,
695 3311 892 3377 consulatur.
913 3311 990 3376 Nam
1015 3308 1096 3376 bona
1115 3311 1262 3399 fides„e‘t
1279 3312 1457 3398 ignorantia
1482 3313 1679 3380 invincibilis

330 3420 372 3508 (si
398 3432 505 3487 tamen
529 3419 625 3504 adsit)
652 3437 806 3506 excusare
831 3438 847 3482 a
870 3418 1010 3504 peccatis
1036 3419 1157 3504 poterit
1183 3437 1236 3484 eos
1261 3419 1316 3504 qui
1340 3420 1373 3486 in
1397 3420 1507 3488 illicita
1531 3433 1565 3487 et
1591 3423 1680 3490 inva-

328 3527 394 3593 lida
419 3527 538 3592 unione
563 3525 701 3592 uiuunt:
730 3523 860 3590 efficere
884 3534 993 3590 tamen
1017 3537 1053 3590 ut
1078 3543 1113 3588 ea
1138 3523 1214 3590 unio
1233 3544 1348 3592 rerum
1365 3529 1604 3595 matrimonium
1620 3529 1677 3614 sit,

328 3650 396 3696 uon
419 3630 551 3716 poterit.
577 3632 688 3716 Neque
722 3629 815 3695 facile
846 3629 914 3714 ipsa
942 3629 1147 3694 matrimonia
1171 3629 1308 3697 invalida
1333 3651 1368 3697 ea
1394 3633 1491 3698 etiam
1515 3633 1557 3700 dc
1582 3654 1677 3701 causa

326 3735 500 3803 iudicanda
525 3745 614 3819 sunt,
640 3735 712 3820 quia
737 3753 812 3801 cum
837 3733 988 3821 opinione
1015 3733 1304 3804 indissolubilitatis
1320 3758 1378 3804 seu
1403 3759 1477 3806 cum
1494 3742 1675 3810 intentione

325 3843 464 3911 divortii
490 3843 566 3910 inita
592 3842 725 3909 luerint.
753 3844 830 3908 Nam
857 3853 925 3906 tunt
950 3841 1157 3908 solummodo
1190 3842 1376 3911 huiusmodi
1407 3865 1542 3914 erronea
1565 3848 1676 3935 opinio

328 4109 505 4164 MONITUM.
518 4139 553 4147 —
572 4107 776 4176 Saepenumero
794 4109 907 4177 occult,
928 4109 958 4164 ut
976 4109 1010 4164 acl
1032 4122 1127 4165 nauus
1148 4112 1260 4166 nostras
1289 4112 1452 4180 pertentant
1475 4115 1539 4170 acta
1561 4117 1679 4184 tlnoslo.

492 4197 565 4254 lloae
584 4199 666 4255 satta
687 4198 822 4255 naxlurae
841 4199 992 4268 miltiade,
1013 4201 1089 4257 edllu
1107 4201 1156 4256 aut
1179 4202 1302 4270 oeraclls
1326 4203 1514 4272 tenoorlttus,
1535 4207 1579 4262 vel
1604 4209 1679 4266 laud

493 4287 610 4356 cludun3
632 4289 811 4355 coaetaneo
831 4288 908 4356 nulus
928 4289 1035 4344 omnino
1048 4303 1099 4345 nos
1113 4289 1260 4348 latuerant.
1282 4291 1319 4346 lle
1333 4292 1526 4360 [nlenerldes
1548 4297 1675 4367 nostrae,

490 4375 637 4443 outlnluue
659 4377 780 4431 lectores
808 4377 859 4432 hoc
888 4377 1032 4445 priventur
1051 4380 1204 4448 commodo,
1226 4380 1385 4436 causultnus
1405 4382 1498 4438 eaden
1520 4383 1576 4439 tola
1595 4387 1673 4456 eota,

490 4465 597 4531 quaudo
617 4463 696 4520 uoltis
716 4465 910 4537 tuuoteocaut,
931 4480 980 4535 ner
999 4467 1165 4536 annendloes
1185 4482 1287 4537 nervas
1315 4469 1600 4542 solummundo,
1622 4487 1676 4542 one

490 4552 570 4608 culus
590 4565 613 4608 s.
627 4551 865 4624 confirmationis,
886 4556 960 4611 Ron.
982 4555 1107 4611 Poutltex
1128 4557 1198 4613 haec
1217 4557 1373 4625 omtutartt.
