3672 5216
709 258 930 304 casrmuarus
1450 243 1490 304 97

228 359 287 435 Ad
316 362 347 439 Ι.
380 361 623 462 Affirmott'oo
652 367 763 436 rodilo
792 367 874 433 rr'ro
904 367 1073 434 transitu
1104 359 1156 432 od
1181 359 1281 432 ole'os
1311 366 1485 460 napu'os,

150 481 369 556 inrmrsullo
400 479 525 556 rt'ocro
559 481 880 583 Conprepolioue.

228 599 287 675 Ad
317 599 368 676 II.
400 599 616 695 Proclama
646 609 686 674 r'u
708 607 858 704 promo,

227 720 290 797 Ex
318 745 455 806 corsos
475 744 678 797 contraris:
712 721 743 796 l.
766 719 1059 811 Matrimonium
1081 719 1120 796 in
1141 719 1310 794 themate
1339 718 1489 796 nullum

147 839 380 916 declaratum
409 839 527 916 fuisse
554 842 769 934 deficiente,
790 865 838 916 ex
856 857 931 916 una'
959 845 1081 942 parte,
1112 837 1328 942 aptitudine
1356 840 1405 914 ad
1423 865 1492 916 na-

148 959 312 1035 turalem
341 983 502 1036 sexuum
530 961 851 1037 coniunctionem.
1097 949 1101 957 ’

226 1077 278 1154 ll.
310 1079 569 1156 'Proditionem
599 1082 741 1157 etenim
761 1086 935 1158 mutuam
964 1105 1163 1184 corporum
1183 1078 1230 1156 ad
1249 1079 1384 1156 sobolis
1405 1103 1492 1181 pro-

148 1200 393 1292 creationem,
424 1201 616 1302 pertinere
652 1201 698 1276 ad
728 1203 976 1278 intrinsecam
1009 1201 1242 1278 matrimonii
1274 1201 1485 1294 rationem3

148 1325 186 1394 et
216 1320 298 1396 ideo
327 1321 488 1399 nulliter
516 1319 690 1398 contrahi
720 1324 867 1423 quoties
886 1322 1028 1424 aliquid
1058 1322 1159 1398 adsit
1177 1322 1491 1424 impedimentum

148 1439 194 1514 ad
222 1439 395 1542 copulam
422 1441 686 1517 exercendam.

504 1672 626 1681 -.-...
643 1649 1143 1704 Οἱςχθςφρ...

623 1825 1011 1904 ALEXANDRINA

589 2011 728 2063 IURIUM
760 2011 1055 2064 PAROCHIALH'M

228 2197 289 2257 De'c
317 2199 359 2255 18
380 2199 499 2256 Martii
523 2196 623 2258 1893.

996 2297 1069 2342 Saos.
1087 2295 1118 2340 24
1135 2307 1193 2352 cap.
1213 2295 1242 2340 la
1259 2295 1296 2340 De
1315 2292 1425 2340 reform.

124 2394 128 2410 '
227 2399 487 2476 Conrrnnorcn
518 2420 645 2473 oncri.
677 2396 852 2475 Infausta
880 2423 974 2474 aevo
1002 2398 1163 2500 gallicae
1189 2396 1415 2489 invasionis,
1446 2421 1495 2472 ex

151 2539 289 2593 novem
320 2514 518 2618 paroeciiS,
549 2541 644 2618 quae
671 2518 761 2594 olim
791 2517 830 2593 in
870 2517 1134 2606 Alexandrina
1169 2517 1329 2592 civitate
1365 2541 1495 2592 recen·

149 2639 347 2730 sebantur‚
379 2661 445 2738 per
473 2636 669 2740 imperiale
697 2639 888 2716 decretum
910 2639 1002 2715 anni
1028 2639 1131 2716 1806
1148 2639 1244 2714 duae
1272 2637 1494 2741 suppressae

149 2759 323 2849 suerunt,
354 2763 468 2858 atque
497 2757 552 2832 ita
579 2784 709 2834 earum
737 2784 919 2836 numerus
953 2760 998 2836 ad
1042 2769 1187 2862 septem
1232 2757 1495 2834 tantummodo

148 2881 367 2954 coarctatus
409 2883 483 2954 est.
535 2879 726 2980 lnrperiali
767 2879 917 2955 decreto
962 2883 1090 2956 autem
1136 2883 1175 2954 et
1216 2878 1494 2954 ecclesiasticae

147 2998 392 3074 auctoritatis
421 2998 642 3074 ratihabitio
671 3001 844 3076 accessit.
878 3000 1067 3100 Siquidem
1096 2999 1155 3074 die
1188 2999 1236 3074 14
1274 2999 1407 3074 Martii
1436 2999 1496 3073 in·

149 3120 343 3223 sequentis
372 3120 463 3196 anni
492 3120 652 3196 Praesul
672 3121 854 3212 Villaret‚
887 3120 1103 3197 Casalensis
1122 3120 1333 3222 Episcopus
1351 3120 1390 3192 et
1404 3115 1496 3194 Ale-

147 3239 331 3316 xandriae
358 3239 586 3315 Ordinarius
614 3240 830 3340 praelatum
858 3239 1050 3316 decretum
1087 3237 1302 3315 executioni
1340 3237 1497 3312 manda-

146 3360 224 3452 bat,
255 3359 461 3459 designans
490 3362 687 3462 praeterea
716 3359 1009 3459 uniuscuiusque
1027 3357 1221 3461 paroeciae
1240 3356 1492 3432 territorium.

149 3477 372 3580 Designatio
391 3477 484 3554 haec
503 3503 594 3554 vero
613 3478 716 3556 hisce
735 3479 861 3555 verbis
881 3479 1010 3555 fiebat:
1038 3509 1056 3550 ‹
1080 3477 1274 3556 Ecclesiae
1293 3476 1333 3554 S.
1355 3477 1492 3570 Marci,

149 3623 240 3698 quae
269 3603 329 3673 est
357 3597 562 3699 collegiata
582 3599 662 3675 loco
683 3599 927 3676 Cathedralis
942 3625 1180 3702 suppressae,
1203 3600 1377 3700 regiones
1392 3599 1495 3676 urbis

150 3719 291 3820 positas
321 3719 388 3794 sub
417 3719 586 3795 numeris
621 3720 753 3796 civicis
781 3720 822 3813 2,
853 3719 922 3814 21,
952 3719 1020 3813 22,
1051 3719 1104 3796 23
1142 3727 1261 3796 etc.»
1294 3721 1495 3797 Paroeciae

150 3865 239 3918 uero
268 3841 308 3918 S.
341 3843 488 3920 Mariae
515 3843 562 3918 ad
591 3843 708 3920 Nives
737 3868 804 3920 seu
833 3840 1110 3937 synamenui,
1143 3848 1293 3946 praeter
1330 3845 1495 3919 urbanas

152 3966 324 4068 regiones
369 3968 513 4070 pariter
554 3970 621 4044 sub
659 3967 794 4046 civicis
835 3970 1005 4046 numeris
1047 3969 1287 4071 descriptaS,
1319 3970 1498 4046 attribuit

154 4092 390 4190 «praeterea
418 4088 593 4191 capsinas
622 4093 835 4190 sequentes
868 4091 1049 4166 nimirum
1079 4091 1272 4192 capsinam
1309 4090 1404 4164 alias
1441 4089 1499 4165 di·

153 4211 251 4283 ctam
278 4207 445 4284 Ioarern's
472 4209 604 4292 l’rotr',
635 4235 736 4285 nunc
765 4235 857 4287 vero
886 4211 1089 4295 lIorzolo,
1121 4217 1232 4286 extra
1267 4211 1394 4286 urbem
1431 4237 1497 4312 po-

155 4327 283 4430 sitam·
313 4328 372 4404 uti
401 4333 440 4404 et
467 4329 583 4404 aliam
613 4331 650 4404 lo
681 4329 816 4406 Μοῖσα
845 4337 884 4408 et
912 4331 1140 4422 Manacarta,
1173 4331 1287 4407 aliam
1316 4335 1437 4405 etc.»

227 4448 288 4524 lta
314 4475 355 4525 se
384 4473 445 4524 res
474 4449 690 4526 habuerunt
718 4475 835 4550 usque
863 4453 908 4527 ad
938 4477 1080 4528 annum
1123 4451 1239 4541 1825,
1272 4477 1358 4527 cum
1402 4450 1497 4526 rlle·

160 4567 380 4646 xandrinus
396 4569 608 4674 Episcopus
637 4570 857 4646 Alexander
875 4571 1122 4671 d'Angennes
1143 4573 1279 4674 populo
1299 4573 1501 4673 paroeciae

246 4727 329 4785 Aeto,
351 4727 426 4775 Tom.
445 4726 554 4776 HVJ.
570 4725 647 4790 fuse.
671 4725 793 4776 eccll.
1383 4729 1397 4773 7
