3694 5230
754 301 909 348 asemas.
1036 307 1038 310 ·
1443 279 1507 343 219

154 405 267 476 mant
282 430 317 474 ».
336 400 453 503 Papo
468 399 675 504 aneaz'as
689 403 826 478 ciceret.
842 403 905 477 lob.
920 399 970 476 ll
978 402 1018 477 et
1033 397 1136 476 aliud
1155 429 1173 470 «
1192 399 1502 501 compromissum

155 545 234 596 non
263 519 392 596 valere
421 523 453 597 si
482 522 551 598 fiat
578 522 622 597 de
649 523 731 615 his,
768 547 863 624 quae
898 546 975 598 non
1011 519 1222 622 dependent
1257 547 1280 596 a
1313 523 1503 622 potestate

155 641 550 742 compromittentium
568 671 586 714 r
604 641 720 718 Ionia.
742 643 871 718 616ιὶ6.
887 655 980 746 post
993 643 1177 718 Hosta'eas
1193 649 1234 716 ia
1250 669 1336 743 cap).
1358 642 1507 716 Peroe-

157 770 287 838 61116
314 767 394 866 fiae
421 793 546 869 supro
575 770 721 845 eodem.
754 768 880 855 Quum
909 769 1036 869 itaque
1066 769 1241 871 princeps
1261 767 1367 843 illius
1386 767 1506 843 adsti-

155 882 312 984 pulatae
327 887 624 988 compositionis,
648 889 766 965 nullis
781 886 886 990 prius
901 913 925 964 a
941 888 1115 992 legitima
1129 887 1360 965 auctoritate
1375 889 1505 964 obtan-

154 1003 210 1078 tis
239 1003 501 1102 facultatibus,
534 1008 653 1084 fuerit
679 1009 849 1086 Andriae
877 1009 987 1103 Dux,
1019 1010 1083 1110 qui
1112 1033 1155 1085 eo
1183 1013 1277 1084 tunc
1300 1007 1504 1109 temporiS,
1590 993 1592 998 ¹
1643 1008 1644 1020 ’

154 1126 287 1228 prouti
305 1125 487 1204 historica
501 1128 727 1206 documenta
742 1133 958 1224 testantur,
981 1129 1207 1208 auctoritati
1226 1127 1506 1204 ecclesiastieae

154 1251 241 1322 erat
269 1245 461 1342 infensuS,
493 1250 630 1350 quique
658 1248 814 1353 insuper
842 1250 901 1326 uti
928 1249 1033 1353 prior
1063 1248 1419 1326 confraternitatem
1446 1273 1510 1324 re-

153 1368 286 1468 gebat,
308 1371 347 1444 et
367 1368 539 1469 proinde,
562 1392 629 1444 ceu
649 1369 880 1446 naturaliter
898 1369 1041 1446 inferre
1062 1370 1120 1448 fas
1139 1373 1212 1463 est,
1236 1369 1504 1447 tantummodo

154 1487 200 1562 ob
230 1487 404 1564 timorem
433 1515 457 1566 a
483 1489 756 1591 capitularibus
784 1490 843 1566 uti
873 1490 1158 1567 controversiae
1182 1490 1324 1566 arbiter
1342 1488 1505 1566 forsitan

153 1609 344 1686 admissus
372 1610 467 1702 fuit,
500 1610 702 1688 manifeste
720 1615 827 1713 patet
860 1612 1023 1688 citatum
1058 1613 1378 1705 instrumentum,
1415 1637 1510 1714 qua-

153 1730 217 1805 vis
232 1755 365 1808 6666116
379 1731 636 1808 ecclesiastica
659 1737 868 1826 sanctione,
887 1732 1083 1810 nullitatis
1104 1731 1395 1828 labeinfectum
1414 1757 1509 1810 eva-

154 1879 266 1929 sisse.

235 1954 548 2075 Neque-silentio
575 1964 775 2078 praeteriri
803 1975 925 2066 debet,
948 1975 1046 2050 idem
1066 1975 1366 2052 instrumentum
1387 1976 1508 2052 ambi·-

152 2094 368 2196 guitatibus
397 2101 436 2171 et
464 2094 826 2172 contradictionibus
855 2097 1015 2172 scatere.
1047 2094 1109 2171 lta
1126 2095 1215 2171 dum
1235 2093 1417 2172 sodalitas
1436 2096 1504 2172 do-

152 2215 259 2292 mina
268 2215 500 2308 declaratur,
513 2215 690 2292 ecclesiae
705 2215 873 2318 capitulo
885 2215 1049 2291 facultas
1064 2214 1327 2319 cappellanum
1343 2240 1506 2318 magnae

151 2333 346 2437 cappellae
369 2336 575 2436 quotannis
603 2335 825 2412 nominandi
845 2335 1044 2411 tribuitur.
1076 2333 1271 2411 Servanda
1289 2334 1341 2411 ibi
1360 2333 1504 2410 dicitur

149 2456 352 2558 inscriptio
380 2456 528 2560 lapidea
554 2458 599 2534 de
627 2457 910 2534 constructione
931 2483 961 2533 6
994 2455 1170 2533 sodalitio
1202 2459 1357 2560 peraeta
1390 2455 1504 2532 fidem

152 2574 312 2670 faciens,
343 2579 384 2653 et
412 2585 543 2680 postea
570 2577 836 2680 subiungitur:
858 2606 878 2650 ‹
897 2575 933 2652 le
951 2577 1056 2678 quali
1076 2575 1299 2652 insorizioni
1317 2583 1407 2680 pero
1427 2600 1504 2653 non

151 2696 406 2774 s’intendono
433 2698 696 2802 pregiudiziali
724 2697 802 2774 alla
829 2697 937 2773 detta
966 2697 1110 2774 chiesa.
1137 2726 1155 2769 »
1184 2697 1239 2773 At
1267 2696 1357 2773 dato
1384 2696 1503 2774 etiam

149 2819 190 2893 et
210 2841 289 2894 non
306 2841 503 2912 concesso,
531 2818 656 2896 subdit
680 2817 880 2921 parochus,
900 2841 1037 2894 verum
1051 2817 1342 2920 iuspatronatus
1362 2817 1403 2894 in
1419 2842 1501 2894 ma-

151 2960 230 3039 gna
248 2936 425 3041 cappella
443 2943 556 3038 atque
583 2938 624 3013 in
643 2937 819 3022 oratoriis
838 2937 1080 3014 sodalitatem
1104 2937 1367 3039 acquisivisse,
1389 2962 1504 3014 num-

146 3081 262 3159 quam
301 3061 432 3134 tamen
470 3060 757 3161 praesumptum
794 3057 1009 3135 absolutum
1044 3057 1254 3134 dominium
1290 3057 1332 3133 in
1365 3056 1499 3133 iisdem

146 3201 325 3254 exercere
354 3179 523 3275 valeret,
555 3180 643 3280 quia
671 3179 728 3255 uti
757 3179 869 3256 habet
897 3179 953 3255 De
981 3179 1087 3256 Luca
1117 3176 1220 3253 11166.
1245 3176 1500 3260 126.6,116

138 3303 485 3398 praeeminentia,
507 3299 595 3374 <ius
611 3302 837 3401 patronatus
856 3296 953 3398 quod
974 3296 1083 3374 laicis
1103 3296 1251 3372 ratione
1267 3294 1504 3374 fundationis

148 3417 190 3490 et
217 3413 430 3493 dotationis
450 3417 669 3494 conceditur
687 3418 727 3494 in
747 3418 918 3495 ecclesiis
938 3416 1003 3493 vel
1021 3413 1222 3519 cappelliS,
1241 3415 1381 3490 dicitur
1399 3439 1503 3492 mera

149 3533 277 3638 gratia
304 3536 352 3613 ad
380 3536 601 3614 alliciendos
629 3562 761 3616 earum
790 3537 1013 3614 fundatores
1042 3561 1109 3612 seu
1136 3535 1355 3650 dotatores,
1391 3535 1505 3612 indu·
1624 3633 1626 3638 Ι

148 3656 320 3733 bitanter
347 3659 477 3734 autem
506 3682 581 3734 non
610 3658 794 3760 importat
821 3656 1088 3733 dominium.»

230 3775 438 3854 Praeterea
465 3777 585 3879 quoad
619 3777 713 3853 duas
745 3775 940 3870 officinas,
982 3801 1144 3877 quarum
1177 3775 1390 3878 proprietas
1430 3774 1500 3851 sibi

148 3896 342 3998 pertinere
370 3896 680 3975 Confraternitas
709 3897 928 3990 contendit,
959 3895 1219 3973 adnotandum
1248 3889 1379 3998 putat,
1411 3895 1500 3971 illas

148 4016 241 4092 olim
261 4015 379 4093 fnisse
401 4018 495 4094 duas
514 4017 704 4120 cappellae
732 4016 914 4094 ecclesiae
944 4015 1084 4093 SSrirae
1102 4016 1385 4108 Annuntiatae,
1407 4040 1505 4115 quae

148 4137 193 4230 in,
217 4135 422 4239 profanum
450 4161 562 4214 usum
590 4161 794 4213 conversae
813 4136 990 4228 fuerunt,
1013 4161 1145 4235 quum,
1168 4135 1281 4212 Clero
1300 4133 1503 4237 receptitio

149 4256 287 4332 exinde
313 4257 552 4352 discedente,
584 4283 631 4334 ne
663 4258 809 4334 reditus
838 4255 1043 4340 necessarii
1081 4256 1261 4332 ecclesiae
1298 4255 1496 4349 deessent,

150 4377 361 4481 Episcopus
390 4385 599 4456 memorata
627 4377 874 4454 conversione
902 4375 1111 4451 remedium
1143 4375 1352 4470 afferebat,
1394 4375 1500 4450 facta

149 4498 289 4577 duobus
319 4499 500 4576 ecclesiae
520 4499 712 4576 canonicis
741 4496 941 4589 facultate,
964 4499 1048 4572 tum
1066 4494 1155 4570 illas
1175 4494 1389 4588 claudendi,
1412 4499 1496 4571 tum

149 4619 365 4697 earumdem
393 4624 616 4723 proventus,
648 4620 689 4696 in
717 4617 897 4694 ecclesiae
924 4617 1067 4692 bonum
1095 4616 1356 4692 convertendi.
1390 4616 1496 4691 Haec
