3674 5262
260 349 262 354 ⁸
368 362 406 425 16
947 385 1130 430 1111111111.

448 483 533 560 Non
561 484 676 560 aliter
713 485 833 562 sentit
870 492 1029 588 uterque
1058 487 1239 563 medicus.
1281 488 1402 564 Ambo
1430 488 1535 564 ultro
1573 511 1717 566 conve-

365 597 480 681 niunt
514 605 678 683 Mariam
708 606 890 684 Dulovics
929 609 1103 710 copulam
1136 607 1313 684 habuisse
1351 608 1560 711 perfectam
1598 611 1716 710 atque

364 725 606 828 completam,
637 727 778 804 innixi·
793 732 976 805 consueto
1003 733 1044 804 11
1073 726 1309 804 ineluctabili
1344 727 1607 822 fundamenta
1639 727 1716 804 sci-

362 845 454 920 licet
480 847 672 923 absentiae
701 847 893 949 hymenis‚
925 853 965 923 11
997 871 1132 923 revera
1159 872 1208 923 ex
1236 847 1413 948 hymenis
1441 848 1626 941 absentia,
1647 847 1715 922 de·

363 963 603 1042 florationem
636 968 772 1068 argui,
813 993 873 1049 res
911 974 971 1044 est
1003 967 1330 1069 compertissima3
1372 967 1547 1070 copulam
1582 972 1714 1044 autem

365 1084 482 1164 fuisse
510 1087 752 1192 completam,
783 1093 822 1163 et
850 1089 1143 1165 matrimonium
1173 1093 1501 1182 consummatum,
1541 1089 1580 1166 S.
1610 1089 1716 1166 Ocn-

364 1207 538 1308 gregatio
568 1205 732 1283 Concilii
760 1207 984 1284 concludere
1003 1209 1234 1284 consuescit.
1266 1205 1440 1284 Iamvero
1463 1207 1616 1284 cuinam
1644 1211 1713 1283 ad-

364 1326 560 1437 scribenda
587 1327 656 1404 illa
683 1327 895 1422 defloratio,
925 1319 968 1404 'et
996 1329 1174 1430 hymenis
1203 1329 1388 1422 absentia,
1419 1329 1527 1405 cuius
1555 1328 1710 1405 nonnisi

363 1446 500 1524 rudera
527 1447 753 1525 remanenti
782 1452 887 1526 certo
915 1455 984 1526 aut
1011 1448 1165 1542 Oarolo,
1197 1453 1266 1524 aut
1295 1448 1425 1528 tertio.
1467 1448 1539 1526 Sed
1566 1447 1710 1525 adscri-

363 1569 447 1644 bere
475 1568 591 1644 tertio
620 1567 766 1644 Mariae
793 1569 1097 1669 deflorationem,
1129 1594 1207 1645 non
1235 1568 1375 1662 audeo,
1408 1569 1483 1644 nisi
1513 1568 1641 1644 valida
1667 1574 1709 1644 11

363 1688 517 1764 robusta
552 1694 758 1791 suppetant
799 1695 1051 1792 argumenta,
1098 1681 1193 1792 quae
1235 1689 1344 1765 illam
1382 1714 1486 1784 ream
1527 1689 1708 1766 adulterii

361 1808 580 1885 ostendant.
613 1809 739 1885 Maria
766 1809 869 1885 enim
897 1810 1071 1887 levitatis
1090 1814 1130 1886 et
1150 1809 1432 1887 inconstantiae
1463 1810 1576 1911 argui
1604 1813 1711 1886 certo

362 1933 509 2031 potest:
542 1931 686 2006 etenim
704 1955 831 2007 amore
859 1934 965 2017 mota
983 1930 1120 2008 Oarolo
1141 1931 1288 2034 nupsit,
1305 1930 1499 2032 pauloque
1528 1935 1613 2032 post
1633 1929 1711 2005 fer-

362 2049 475 2125 vidus
502 2048 570 2125 ille
598 2075 704 2126 amor
732 2052 771 2128 in
800 2051 910 2132 corde
938 2056 1142 2154 conceptus
1166 2051 1207 2127 in
1237 2050 1515 2128 aversationem
1534 2057 1574 2126 et
1601 2049 1712 2127 insu-

362 2169 528 2274 perabile
563 2170 690 2247 odium
728 2196 935 2249 conversus
964 2174 1038 2247 est.
1078 2172 1237 2250 Levites
1265 2171 1358 2247 haec
1395 2175 1524 2247 autem
1560 2193 1637 2246 non
1664 2195 1711 2247 eo

263 2312 265 2318 ¹
362 2313 480 2391 usque
508 2290 549 2366 in
577 2315 622 2368 ea
648 2291 855 2393 processit,
894 2297 939 2368 ut
967 2293 1082 2368 tertio
1110 2292 1337 2384 accesserit,
1369 2315 1521 2394 remque
1549 2315 1636 2367 cum
1664 2316 1711 2366 eo

304 2433 306 2447 ⁴
361 2409 604 2487 inhonestam
647 2412 835 2489 babuerit.
877 2396 1022 2489 Saltem
1061 2412 1185 2488 nulla
1205 2415 1415 2515 suppetunt
1451 2415 1705 2514 argumenta,

361 2531 495 2633 quibus
525 2531 638 2608 huius
656 2532 840 2608 criminis
868 2558 933 2610 rea
960 2532 1208 2608 insimuletur
1234 2537 1273 2607 et
1301 2533 1367 2608 sit.

442 2653 586 2730 Voruu
615 2652 877 2730 0111111111.
910 2653 996 2728 Non
1023 2677 1120 2737 esse,
1153 2653 1209 2728 ait
1237 2652 1448 2744 consultor,
1482 2649 1543 2728 hic
1572 2677 1709 2728 causas

360 2799 429 2879 pro
469 2774 705 2856 decernenda
739 2774 989 2850 dissolutione
1025 2799 1074 2849 ex
1111 2771 1263 2849 iustitia
1300 2772 1403 2848 ultro
1445 2771 1701 2849 concedimus.

361 2895 470 2972 Licet
498 2894 600 2970 enim
619 2895 663 2969 de
692 2894 849 2971 muliere
870 2894 909 2969 in
929 2895 1122 2970 sententia
1140 2893 1216 2968 viri
1245 2893 1395 2969 dicatur
1427 2923 1444 2964 «
1465 2893 1708 2994 probabiliter

361 3039 439 3092 non
466 3039 548 3092 esse
576 3015 757 3092 1111111111
784 3015 993 3119 perfectam
1011 3045 1047 3107 »,
1080 3014 1229 3115 aliaque
1258 3011 1422 3124 similia3
1454 3012 1709 3088 nihilominus

361 3137 600 3239 emergentia
626 3163 674 3213 ex
702 3137 911 3240 peritorum
934 3137 1198 3240 inspectione,
1240 3159 1390 3211 omnem
1419 3134 1600 3212 auferunt
1633 3134 1705 3210 hac

362 3283 475 3361 super
504 3283 544 3334 11
571 3257 859 3335 dubitationem.
892 3259 1034 3334 Adesse
1062 3282 1154 3333 vero
1182 3281 1314 3333 causas
1334 3281 1402 3358 pro
1430 3255 1558 3332 eadem
1587 3255 1709 3331 disso-

362 3379 507 3458 lutione
535 3377 769 3455 decernenda
796 3403 845 3453 cx
874 3379 1024 3478 gratia,
1065 3379 1150 3478 quis
1179 3377 1249 3453 ibit
1279 3376 1452 3453 inficiast
1481 3377 1580 3454 Sunt
1608 3377 1703 3452 hae:

360 3499 510 3580 aversio
537 3501 766 3598 animorum,
798 3498 1083 3600 impossibilitas
1103 3497 1437 3588 reconciliationis,
1469 3499 1705 3573 attentatum

359 3621 465 3698 vitae
493 3620 570 3696 viri
588 3645 636 3696 ex
656 3624 763 3722 parte
781 3618 969 3713 mulieris,
992 3605 1202 3720 periculum
1222 3617 1308 3693 fidei
1327 3621 1367 3694 et
1385 3617 1701 3693 incontinentiae.

360 3738 545 3817 Probavit
581 3738 777 3816 consultor
814 3737 883 3813 has
913 3763 1050 3840 graves
1079 3737 1208 3814 adesse
1245 3761 1403 3831 causas,
1444 3761 1511 3838 per
1546 3735 1704 3812 testium

360 3860 636 3965 depositiones,
677 3885 744 3964 per
780 3859 944 3962 episcopi
978 3858 1204 3952 relationem
1240 3857 1287 3934 ad
1316 3858 1522 3958 coniugum
1557 3856 1709 3934 confes-

241 4085 246 4094 ,
362 3983 522 4060 sionem.

442 4105 612 4183 Gradum
649 4103 793 4181 faciens
821 4103 869 4179 ad
905 4101 1179 4203 exquirendum
1217 4126 1268 4176 an
1305 4101 1610 4176 consummatum
1643 4096 1705 4172 vel

362 4227 709 4303 inconsummatum
746 4224 865 4301 fuerit
893 4223 1183 4301 matrimonium
1210 4223 1251 4300 in
1280 4222 1475 4305 themate,
1516 4219 1591 4312 ait,
1624 4206 1708 4296 sese

362 4346 488 4423 animo
526 4347 681 4423 haerere
717 4371 767 4421 an
801 4348 878 4422 stet
914 4369 982 4448 pro
1018 4341 1401 4420 inconsummatione.
1442 4340 1541 4416 Sane
1578 4337 1706 4414 omnia

362 4467 594 4562 extrinseca,
626 4470 669 4541 ut
698 4466 754 4541 ita
781 4465 927 4559 dicam,
963 4464 1195 4541 adminicula
1231 4460 1351 4538 eidem
1379 4459 1548 4565 opinioni
1576 4459 1706 4534 lavere

362 4589 559 4666 indubium
586 4591 660 4664 est.

445 4709 518 4786 Vir
555 4709 658 4785 enim
694 4709 773 4786 ait:
809 4731 915 4812 «ego
942 4707 1049 4785 volui
1086 4731 1347 4786 consummare
1385 4709 1424 4782 et
1461 4701 1574 4782 uxori
1600 4725 1708 4778 11111
