3694 5230
726 307 881 352 arisroua
1414 286 1472 346 201

130 407 349 493 implevere.
380 410 511 495 Neque
541 425 631 477 vero
663 407 803 474 mirum
834 411 904 492 est,
939 408 991 474 tot
1025 405 1245 492 Hispaniam
1276 409 1476 493 tantosque

132 513 261 582 tulisse
279 514 400 602 viros3
421 515 605 602 siquidem
624 518 773 600 praeter
788 513 998 582 naturalem
1015 513 1251 600 ingeniorum
1272 511 1355 598 vim,
1373 529 1478 598 prae

134 619 228 688 sidia
252 625 366 708 atque
389 621 636 690 instrumenta
662 623 812 708 praesto
843 625 947 688 erant
979 620 1182 706 aptissima,
1208 637 1372 706 quorum
1405 636 1477 704 ope

132 726 348 795 studiorum
372 729 465 798 ratio
488 726 743 814 perficeretur.
768 727 867 795 Satis
890 731 947 794 est
970 744 1109 814 magna
1136 727 1258 813 Lycen
1288 725 1478 794 recordari

132 830 402 918 complutense
426 837 462 902 et
484 833 789 918 salmanticense,
814 851 912 919 quae
936 851 1040 918 sane,
1057 833 1281 920 advigilante
1300 833 1475 918 Ecclesia,

131 937 332 1022 praeclara
355 941 576 1010 christianae
600 940 802 1028 sapientiae
827 939 1015 1007 domicilia
1039 940 1201 1008 extitere.
1230 943 1401 1020 Quorum
1424 959 1478 1010 re

131 1043 301 1113 cordatio
325 1052 458 1132 sponte
489 1048 726 1136 coniungitur
756 1065 845 1115 cum
875 1047 1060 1115 memoria
1086 1047 1345 1134 Collegiorum,
1378 1065 1476 1133 quae

131 1148 395 1221 ecclesiasticis
425 1154 515 1222 viris
544 1154 693 1241 ingenio
723 1154 940 1240 solandique
975 1153 1173 1240 cupiditate
1200 1152 1476 1240 praestantibus

130 1271 382 1328 communem
405 1262 535 1330 sedern
559 1262 805 1330 commodum
830 1260 1051 1348 praebuere.

223 1365 272 1434 At
295 1385 386 1435 vero
410 1367 554 1436 habetis
578 1373 664 1437 ante
687 1368 827 1454 oculos,
854 1367 1089 1436 venerabiles
1115 1369 1274 1453 Fratres
1299 1366 1477 1452 posterio-

132 1489 221 1540 rum
246 1479 463 1562 temporum
487 1475 645 1546 cladem.
670 1477 710 1544 In
734 1477 777 1545 iis
801 1494 930 1544 rerum
952 1475 1190 1561 publicarum
1205 1474 1392 1561 fiuctibus
1410 1475 1477 1562 qui

131 1581 329 1669 superiore
353 1587 465 1670 atque
489 1584 561 1652 hoc
585 1585 667 1670 ipso
692 1583 864 1652 volvente
887 1583 1050 1670 saeculq
1075 1587 1191 1651 totam
1207 1582 1476 1668 perturbarunt

132 1687 338 1774 Europam,
363 1690 471 1777 quasi
495 1689 705 1777 procelloso
729 1690 870 1775 impetu
894 1688 1035 1758 deiecta
1060 1707 1104 1758 ac
1129 1688 1295 1775 stirpitus
1326 1687 1474 1756 divulsa

130 1798 224 1861 sunt
255 1795 430 1882 Instituta,
462 1797 601 1884 quibus
633 1797 681 1864 ad
711 1794 798 1862 fidei
830 1793 1095 1882 doctrinaeque
1125 1794 1357 1864 incrementa
1388 1812 1475 1861 con-

130 1901 277 1985 dendis
304 1903 408 1989 regia
429 1903 542 1972 simul
567 1907 603 1972 et
626 1901 876 1979 ecclesiastica
898 1905 1063 1987 potestas
1079 1921 1192 1970 curas
1208 1920 1377 1988 opesque
1392 1918 1476 1970 oon-

131 2007 304 2077 tulerant.
323 2008 485 2078 Sublatis
501 2010 552 2078 ita
567 2009 757 2078 catholicis
773 2007 987 2077 studiorum
1005 2008 1317 2077 Universitatibus
1333 2023 1479 2076 earum-

132 2131 209 2200 que
233 2112 414 2201 Collegiis,
438 2115 600 2200 ipsamet
624 2115 834 2184 seminaria
863 2113 1087 2182 clericorum
1115 2133 1309 2199 exaruere,
1335 2112 1475 2181 sensim

129 2239 177 2288 ea
203 2219 398 2290 deficiente
422 2221 610 2292 doctrinae
626 2223 743 2309 copia,
760 2238 859 2308 quae
875 2239 924 2288 ex
940 2215 1088 2309 magnis
1113 2221 1329 2308 Gymnasiis
1352 2217 1478 2288 efflue

132 2327 218 2396 bat:
242 2332 437 2415 praeterea
462 2348 532 2398 nec
555 2334 681 2398 tenere
705 2329 902 2415 antiquum
927 2336 1083 2413 potuere
1110 2333 1248 2398 statum
1280 2346 1348 2413 per
1379 2325 1478 2394 bella

132 2435 304 2504 intestina
329 2440 364 2503 et
388 2437 528 2523 turbae,
547 2455 644 2523 quae
668 2435 885 2522 aliquandiu
909 2439 1048 2507 civium
1071 2436 1193 2504 studia
1210 2435 1385 2520 viresque
1404 2432 1477 2499 dis-

130 2547 338 2612 traxerunt.
382 2542 508 2612 Adfuit
537 2545 572 2611 in
607 2549 780 2631 tempore
810 2547 1022 2634 Apostolica
1059 2545 1200 2631 Sedes,
1232 2542 1478 2628 animumque

131 2650 302 2719 studiose
333 2651 481 2738 adiecit,
510 2653 605 2721 civili
628 2657 810 2740 potestate
842 2639 1114 2741 consentiente,
1146 2653 1281 2722 adres
1311 2651 1480 2720 ecclesia-

129 2757 246 2826 sticas
270 2760 569 2846 componendae,
594 2780 690 2847 quas
713 2780 938 2851 praegressa
963 2767 1168 2850 tempestas
1193 2760 1392 2846 afflixerat,
1417 2778 1479 2846 po-

130 2863 276 2933 tissima
301 2883 392 2933 vero
417 2868 499 2936 eius
522 2886 613 2936 cura
629 2867 696 2936 luit
712 2871 758 2938 de
778 2870 996 2940 Seminariis
1020 2870 1263 2956 dioecesanis,
1289 2887 1387 2956 quae
1403 2868 1479 2955 qui-

132 2971 222 3038 dem
247 2973 357 3058 quasi
381 2965 565 3042 domicilia
590 2975 734 3061 pietatis
759 2982 869 3063 atque
894 2976 1110 3046 eruditionis
1135 2977 1172 3043 in
1197 2980 1336 3044 statum
1364 2974 1480 3061 pristi-

130 3094 227 3144 num
253 3079 404 3164 restitui,
429 3079 600 3165 privatim
619 3099 663 3149 ac
680 3081 827 3167 publice
850 3084 1035 3153 intererat.
1059 3083 1176 3150 Vobis
1200 3087 1327 3150 tamen
1353 3081 1477 3167 explo-

130 3187 258 3252 ratum
282 3189 348 3270 est,
373 3203 455 3254 rem
480 3204 555 3253 non
580 3188 732 3256 omnino
757 3190 918 3258 cessisse
942 3209 991 3258 ex
1015 3188 1206 3258 sententia.
1230 3189 1361 3273 Neque
1378 3187 1477 3255 enim

130 3297 192 3360 sat
207 3292 359 3379 amplae
375 3294 627 3380 suppetebant
641 3314 755 3382 opes:
781 3316 904 3385 neque
927 3299 1020 3367 ratio
1045 3296 1255 3366 studiorum
1280 3300 1425 3381 poterat
1441 3296 1477 3362 in

131 3417 241 3485 spem
267 3399 409 3487 gloriae
426 3399 680 3486 reflorescere,
697 3403 785 3489 quia
803 3405 1015 3492 Lyceorum
1032 3406 1204 3471 veterum
1228 3400 1397 3468 interitus
1418 3419 1477 3486 pe

131 3506 283 3574 noriam
308 3505 529 3574 idoneorum
555 3506 822 3594 magistrorum
846 3514 1037 3597 genuerat.
1057 3507 1301 3577 -Convenit
1325 3507 1478 3592 quidem

132 3615 225 3682 inter
250 3613 348 3683 duas
379 3632 580 3702 supremas
601 3619 812 3702 potestates
838 3621 879 3684 ut
901 3617 1129 3703 quibusdam
1147 3617 1184 3683 in
1201 3615 1402 3702 provinciis
1418 3615 1478 3684 Se-

131 3721 291 3790 minaria
327 3723 579 3791 conderentur
610 3719 816 3810 perterada,
844 3727 1028 3809 potestate
1052 3722 1164 3808 lacta,
1189 3727 1231 3791 ut
1260 3741 1309 3790 ex
1345 3740 1477 3790 eorum

129 3828 307 3914 alumnia,
333 3827 398 3914 qui
421 3828 568 3916 plenius
590 3829 797 3916 theologica
829 3830 1081 3915 arripuissent,
1106 3829 1128 3896 ii
1153 3829 1201 3898 ad
1232 3828 1374 3924 gradus
1398 3845 1479 3896 aca-

131 3933 302 4002 demicos
336 3951 443 4002 more
479 3934 665 4003 maiorum
700 3935 994 4004 admitterentur.
1037 3935 1078 4003 ld
1112 3940 1238 4004 tamen
1274 3933 1478 4020 quominus

132 4059 267 4129 reapse
284 4039 536 4128 perficeretur,
554 4040 673 4108 multa
694 4041 961 4127 impedimento
978 4040 1091 4129 fuere,
1109 4041 1294 4126 hodieque
1319 4044 1416 4106 sunt.
1433 4075 1477 4086 -

131 4147 267 4234 Erepto
291 4146 402 4235 igitur
424 4149 638 4235 Lyceorum
662 4151 833 4216 veterum
858 4148 1054 4234 praesidio,
1076 4148 1192 4216 multa
1216 4146 1477 4215 desiderantur

131 4271 179 4320 ex
202 4253 431 4322 adiumentis
447 4254 500 4340 iis,
519 4253 600 4323 sine
623 4253 762 4341 quibus
785 4256 834 4324 ad
859 4254 1046 4342 expletam
1073 4253 1381 4340 cumulatamque
1398 4272 1478 4322 eru-

131 4361 278 4431 ditionis
310 4361 463 4431 laudem
496 4363 662 4448 aspirare
692 4362 823 4430 Clerns
854 4362 1000 4430 difficile
1030 4366 1159 4449 potest,
1184 4362 1233 4431 ita
1257 4368 1296 4431 ut
1322 4382 1398 4430 una
1431 4362 1477 4429 sit

131 4467 374 4553 prudentium
400 4486 477 4536 vox
501 4473 537 4536 et
560 4469 751 4553 sententia,
776 4469 954 4537 accedere
978 4467 1026 4537 ad
1051 4468 1232 4537 rationem
1264 4470 1474 4537 studiorum

132 4573 168 4640 in
192 4574 412 4645 Seminariis
435 4572 634 4661 perfectius
657 4574 840 4662 quiddam
855 4580 892 4645 et
906 4575 1133 4644 cumulatius
1155 4580 1338 4662 oportere.
1355 4615 1398 4624 —
1414 4579 1477 4645 At·
