3694 5230
706 277 870 322 aerenum
893 277 927 321 rr.
1428 254 1482 318 {91

140 375 210 441 eius
234 395 315 441 cero
338 397 398 442 usu
422 378 613 444 servandam
639 397 708 446 esse
734 378 881 463 regulam
911 377 950 442 ab
983 375 1130 442 eiusdem
1154 393 1341 440 successore
1365 376 1488 460 Grego-
1534 407 1540 417 ·

141 482 189 548 rio
213 485 282 549 lllll
308 483 552 570 praescriptam,
573 483 633 551 hoc
658 495 771 566 estut,
790 494 964 568 antequam
979 482 1164 568 neophytus
1182 500 1255 547 cum
1272 480 1331 546 alia
1348 480 1488 546 muliere

140 609 223 676 quae
247 590 344 658 simul
370 609 444 656 oum
468 609 507 656 eo
532 591 689 677 baptizata
714 599 763 654 est
786 587 992 655 matrimonio
1009 589 1174 674 iungatur,
1195 605 1257 672 per
1273 584 1488 652 summarium

142 707 175 760 et
201 695 479 762 eutraiudicielem
502 714 691 780 processum
717 705 863 792 constare
887 693 1004 761 debeat
1028 693 1257 760 difficillimum
1283 710 1396 776 reapse
1416 711 1488 756 esse

142 803 283 892 primam
307 821 444 868 uxorem
468 802 628 890 reperire.

235 909 428 985 Quaesitum
451 909 628 974 secuudum
643 945 689 960 —
709 911 756 974 dn
781 909 877 975 liceat
901 907 977 975 dare
1000 905 1275 994 dispensationem
1292 903 1488 990 disparitatis

141 1017 252 1081 cultus
275 1014 404 1101 quando
428 1015 500 1081 data
523 1014 585 1081 fuit
605 1026 698 1082 antea
714 1015 911 1102 dispensatio
929 1016 971 1082 de
989 1012 1269 1101 interpellatione,
1287 1011 1339 1078 vel
1357 1009 1488 1096 quando

142 1119 363 1206 interpellatio
389 1120 468 1186 lacta
494 1121 554 1188 luit
580 1122 611 1186 in
636 1120 779 1190 vanum?

232 1229 490 1311 Responsum-
505 1228 684 1314 Negatire,
711 1239 744 1294 ct
773 1228 871 1294 detur
901 1232 1076 1294 Decretum
1105 1225 1206 1293 leriae
1229 1229 1282 1292 lv.
1311 1229 1353 1294 te
1377 1227 1488 1310 hugu-

140 1333 181 1398 sti
210 1335 309 1414 1866,
337 1333 456 1398 tenoris
479 1333 673 1418 sequentis:
709 1336 745 1397 lu
771 1335 899 1399 casibus
923 1335 959 1399 de
983 1333 1102 1416 quibus
1127 1335 1243 1416 opiter
1267 1333 1305 1396 R.
1325 1333 1363 1394 P.
1383 1331 1421 1394 D.
1439 1329 1490 1394 Vi·

141 1445 259 1507 carius
283 1441 486 1526 Apostolieus
500 1488 510 1520 ‚
538 1441 677 1524 adeoque
713 1443 920 1506 missioaart‘i
955 1439 992 1504 ab
1024 1457 1057 1502 eo
1088 1439 1238 1522 deputati
1271 1455 1334 1500 aaa
1355 1443 1492 1520 pocsuut

141 1547 329 1632 dispensare
358 1565 456 1632 cuper·
485 1547 686 1632 disparitate
715 1547 826 1612 cultus
849 1549 883 1612 oi
907 1545 1086 1630 facultatis
1110 1545 1159 1609 lll
1186 1541 1360 1608 Faraulae
1383 1541 1417 1606 b.
1451 1543 1491 1606 bt

141 1651 249 1737 quoad
273 1651 489 1735 matrimonia,
515 1651 540 1716 si
565 1669 649 1736 quae
673 1662 837 1717 contracta
861 1651 923 1716 iam
947 1651 1011 1716 sint
1041 1668 1116 1715 cum
1145 1647 1333 1715 huiusmodi
1357 1645 1493 1732 dispen-

142 1755 281 1838 satione,
306 1755 422 1822 sileant
446 1765 479 1821 et
503 1756 660 1841 coniuges
684 1757 912 1842 relinquantur
936 1755 968 1821 in
992 1756 1074 1822 bona
1100 1756 1176 1821 hdo.
1207 1753 1317 1833 Quoad
1344 1753 1491 1820 loturum

142 1881 223 1932 vero
248 1863 317 1948 ipse
343 1863 486 1929 vicarius
509 1862 714 1949 Apostolicus
738 1873 883 1929 recurrat
907 1862 939 1930 in
964 1861 1089 1928 casibus
1107 1860 1368 1947 particularibus,
1388 1878 1490 1946 expo·

142 1967 212 2032 sitis
235 1967 385 2034 omnibus
410 1968 572 2054 cuiusque
598 1989 687 2034 casus
712 1969 883 2036 adiunctis.

254 2339 284 2396 8.
298 2339 327 2397 D.
342 2340 375 2396 de
395 2341 424 2396 Ρ.
440 2339 503 2398 fide
514 2369 528 2380 -
539 2339 568 2398 D.
585 2341 615 2398 6.
635 2342 653 2397 7
674 2340 734 2396 lulll
756 2342 824 2398 tero
838 2372 871 2380 -
884 2341 943 2396 llic.
964 2341 1014 2410 to.
1034 2341 1122 2398 luuh.
1138 2369 1169 2381 -
1184 2339 1271 2396 Dubio
1289 2338 1375 2408 quoad

539 2423 779 2497 'poblloellooetn
803 2429 907 2486 decretl
932 2431 1071 2484 Tametsi.

238 2614 268 2675 l.
296 2613 342 2676 An
372 2607 549 2696 publicatio
573 2608 753 2675 Tridentini
782 2607 865 2674 circa
894 2589 1135 2674 matrimonium
1160 2608 1282 2674 dillerri
1313 2607 1430 2674 debeat
1456 2607 1490 2674 in

144 2715 224 2782 locis
250 2714 305 2781 ubi
331 2715 370 2782 de
387 2734 471 2781 novo
489 2714 659 2780 conversio
683 2725 732 2780 est
758 2715 851 2799 lacta,
878 2716 984 2781 donec
1008 2713 1109 2801 magis
1132 2713 1195 2779 sint
1216 2713 1249 2778 in
1266 2712 1331 2782 lide
1356 2712 1488 2797 lrrmati,

145 2833 177 2888 et
202 2822 236 2887 in
262 2819 340 2888 locis
364 2822 403 2886 ad
429 2841 509 2907 quos
533 2825 642 2887 Patres
669 2821 909 2909 (missionarios)
935 2821 1111 2908 peruenire
1136 2819 1269 2886 difficile
1295 2831 1355 2904 est,
1373 2828 1428 2885 aut
1449 2818 1490 2886 ob

144 2928 207 2994 loci
240 2927 443 3011 distantiam,
469 2939 523 2993 aut
547 2928 622 3013 quia
654 2926 693 2992 ab
717 2927 802 2993 illius
833 2927 894 2993 loci
920 2927 1055 2994 domino
1087 2927 1201 3015 gentili
1226 2930 1334 2992 Patres
1357 2937 1432 2993 sunt
1456 2927 1490 2994 in

146 3033 285 3099 exilium
313 3033 413 3098 missi.

236 3144 268 3206 2.
297 3143 331 3206 ln
362 3138 440 3204 locis
473 3139 648 3225 inquibus
680 3143 855 3206 Decretum
880 3139 1106 3207 Tridentinum
1135 3141 1218 3206 circa
1246 3139 1490 3207 matrimonium

144 3245 347 3332 publicatum
365 3257 427 3330 est,
445 3267 483 3312 au
500 3246 626 3332 possint
648 3245 762 3312 fideles
779 3245 920 3312 vicissim
939 3246 1182 3312 matrimonium
1206 3245 1400 3312 contrahere
1420 3244 1490 3311 sino

144 3351 279 3440 parochi
295 3352 490 3440 praesentia,
509 3371 583 3418 cum
599 3361 653 3417 aut
676 3352 717 3418 ob
733 3352 906 3418 maximam
923 3352 1103 3426 distantiam
1124 3363 1177 3417 aut
1198 3352 1239 3418 ob
1258 3351 1407 3435 erilium,
1426 3351 1489 3416 illis

145 3457 226 3524 locis
251 3457 366 3524 adesse
390 3470 545 3544 nequeat,
563 3468 651 3524 etan
669 3457 817 3543 coniugia
843 3458 897 3523 illa
914 3477 989 3524 vera
1009 3458 1085 3544 sint,
1104 3469 1137 3523 et
1153 3457 1223 3524 sine
1246 3469 1379 3542 peccato
1396 3456 1485 3524 liant.

237 3567 269 3630 3.
288 3566 337 3628 An
354 3563 408 3652 qui
426 3564 458 3630 in
475 3565 606 3650 propria
627 3565 778 3650 parochia
795 3563 930 3632 concilii
947 3569 1123 3631 Decretum
1140 3565 1224 3631 circa
1245 3565 1488 3630 matrimonium

146 3668 283 3754 audivit,
309 3670 409 3756 possit
434 3669 467 3736 in
490 3669 559 3736 aliis
583 3671 684 3756 locis,
711 3671 743 3736 in
767 3670 885 3756 quibus
908 3689 975 3736 non
998 3681 1047 3736 est
1070 3671 1274 3757 publicatum
1298 3675 1486 3754 Decretum,

146 3775 216 3840 sine
241 3775 383 3862 parocho
408 3775 612 3843 matrimonio
638 3779 843 3844 contrahere.

237 3885 270 3948 l.
296 3885 358 3964 hu,
384 3892 420 3947 ut
446 3902 522 3949 vere
547 3883 681 3951 concilii
706 3888 881 3950 Decretum
900 3882 1025 3949 dicatur
1048 3883 1263 3970 publicatum,
1288 3903 1422 3950 neccsse
1447 3883 1489 3950 sit

147 3989 181 4055 in
203 3989 354 4056 omnibus
386 3990 532 4056 ecclesiis
565 3991 725 4076 vicorum,
751 4010 834 4078 quae
858 3992 945 4058 inter
967 4009 1001 4058 se
1024 3991 1120 4057 valdo
1144 3991 1310 4078 proximae
1342 3991 1406 4058 sint
1429 4012 1490 4079 pu-

149 4093 301 4182 blicetur,
329 4116 403 4163 com
422 4107 455 4162 et
478 4097 578 4183 aliqui
594 4097 657 4163 vici
682 4097 723 4163 ob
747 4098 925 4164 incolarum
949 4098 1215 4165 commoditatem
1232 4097 1312 4166 duas
1336 4097 1488 4176 ecclesias

151 4201 306 4269 habeant?

237 4315 269 4378 tt.
296 4313 380 4377 Cum
404 4309 437 4374 in
464 4310 572 4396 aliquo
597 4309 740 4376 dominio
771 4329 955 4397 perpaucae
980 4310 1137 4377 ecclesiae
1167 4311 1250 4396 sint,
1275 4331 1350 4377 cum
1381 4320 1488 4378 tamen

152 4414 373 4505 inposterum
396 4417 520 4483 multae
547 4417 611 4484 sint
635 4416 830 4504 erigendae,
855 4437 916 4500 an,
941 4416 1105 4504 publicato
1128 4422 1265 4484 Decreta
1297 4417 1432 4485 concilii
1456 4416 1490 4482 in

153 4517 213 4588 illis
235 4525 348 4611 paucis
373 4521 534 4608 ecclesiis,
553 4525 587 4591 in
604 4535 671 4590 toto
696 4523 842 4591 dominio
866 4535 1038 4590 censeatur
1059 4523 1273 4612 publicatum,
1299 4525 1352 4590 vel
1378 4522 1487 4610 potius
