3650 5242
305 284 363 347 1118
887 302 1059 348 66666161(

305 405 401 488 1834,
427 403 523 488 1836,
550 403 646 487 1839,
672 401 758 470 1817
780 401 1437 489 611881(16161611116Τ16666661661
1456 419 1522 488 per
1538 419 1646 487 prae·

303 526 393 576 sens
417 509 616 577 Decretum
638 507 885 597 abrogantur,
911 513 947 578 et
969 508 1080 577 nullis
1112 509 1257 578 roboris
1287 508 1451 595 amplius
1475 525 1562 577 esse
1585 507 1648 578 de·

303 615 552 684 claranturin
576 614 754 685 omnibus
778 615 968 702 quaesibi
992 614 1250 686 adversantur.
1331 630 1335 642 ·
1695 603 1698 614 '

393 723 441 790 X.
466 724 519 791 De
544 721 768 792 monialibus
794 721 881 790 nihil
905 723 1105 792 innovatur
1128 724 1253 810 quoad
1278 743 1322 795 ea
1348 742 1456 811 quae·
1472 724 1557 792 huic
1581 725 1649 793 De

304 833 405 898 creto
429 847 505 898 666
531 829 688 901 obstant.

395 937 438 1003 Et
461 932 557 1005 16616
579 934 627 1004 (16
649 936 871 1022 praemissis
902 935 1079 1006 relatione
1104 935 1222 1005 SSmo
1249 938 1330 1004 bno
1362 937 1497 1006 Nostro
1532 936 1648 1006 Leoni

306 1041 374 1110 ΡΡ.
394 1041 478 1110 XIII
503 1041 551 1110 ab
575 1039 807 1130 infrascripto
828 1044 869 1110 D.
886 1041 1091 1112 Secretario
1116 1041 1151 1112 S.
1169 1043 1472 1132 Congregationis
1490 1043 1647 1132 negotiis

306 1153 343 1218 et
364 1147 699 1218 consultationibus
723 1149 997 1235 Episcoporum
1021 1154 1056 1218 et
1079 1148 1323 1237 Regularium
1354 1149 1587 1236 praepositae
1610 1149 1649 1216 in

239 1245 242 1252 ’
306 1255 492 1324 audientia
514 1255 641 1336 habita
664 1255 723 1324 die
748 1258 790 1326 18
813 1256 1032 1326 novembris
1056 1259 1160 1342 1892,
1186 1256 1369 1326 Sanctitas
1402 1257 1478 1326 Sua
1510 1275 1556 1326 66
1587 1277 1650 1344 ap·

305 1361 485 1448 probavit
511 1381 555 1432 ac
579 1363 615 1430 16
641 1382 739 1432 nova
764 1363 951 1433 audient-ia
974 1363 1097 1432 habita
1122 1363 1180 1433 die
1203 1367 1225 1432 2
1249 1363 1461 1432 decoribus
1477 1363 1650 1433 eiusdem

306 1469 394 1538 6661
419 1469 490 1538 1166
514 1471 713 1539 Decretum
729 1469 766 1537 in
784 1469 962 1538 omnibus
978 1468 1214 1540 conflrmavIt
1230 1474 1266 1539 61
1280 1472 1422 1540 servari
1445 1470 1648 1556 mandavit,

305 1577 583 1664 ,6166611116166
607 1577 842 1665 Apostolicas
865 1579 902 1645 16
926 1577 1046 1648 161166
1069 1579 1200 1646 Brevis
1228 1579 1395 1666 expediri
1419 1578 1540 1663 iussit,
1566 1597 1651 1646 con-

271 1747 272 1752 ,
307 1684 428 1753 trariis
452 1685 757 1772 quibuscumque
780 1703 856 1753 666
880 1685 1125 1755 obstantibus.

395 1790 535 1861 Datum
561 1795 705 1862 Romae
730 1812 779 1862 ex
802 1793 838 1862 S.
855 1793 1149 1881 Congregatione
1172 1793 1446 1880 Episcoporum
1472 1797 1508 1861 et
1528 1793 1652 1880 Regu·
1717 1807 1721 1814 ·

311 1895 446 1964 larium
470 1898 529 1965 die
552 1899 573 1966 8
597 1899 740 1967 mensis
763 1898 974 1967 decembris
997 1899 1084 1966 anni
1109 1900 1207 1967 1892.

845 2092 880 2161 S.
905 2092 1043 2161 CARD.
1061 2093 1236 2178 VERGA,
1264 2091 1497 2181 Praefectus.

941 2271 1008 2340 166.
1032 2271 1081 2337 Μ.
1106 2273 1221 2338 Aaou.
1247 2269 1352 2338 Coss.
1379 2267 1625 2338 Sec-retortus,

663 2561 725 2568 .....
733 2534 1303 2590 «ςὲξθὲρςῷῂ

442 2785 603 2843 tutem
624 2786 651 2841 16
669 2786 759 2842 torm
778 2783 886 2854 816116,
906 2785 1006 2853 uultus
1026 2785 1167 2843 velitatur
1186 2785 1523 2853 praeadamitarum.

829 2988 1011 3056 16611.
1037 2987 1134 3054 xm
1220 3069 1228 3082 ⁸

677 3151 724 3199 ΑΙ)
749 3150 967 3198 PERPE'I'UAM
991 3149 1054 3199 REI
1077 3149 1282 3199 MEMORIAM.

399 3300 603 3372 Pastoralis
637 3299 806 3368 muneris
838 3299 960 3368 6111616
991 3299 1169 3368 admoniti
1201 3298 1361 3366 Romani
1391 3293 1591 3365 Pontifices
1616 3297 1655 3363 16

311 3410 506 3498 religiosas
528 3405 706 3493 166111166,
732 3407 943 3494 exquibus
972 3406 1178 3474 Christiana
1208 3423 1270 3473 res
1300 3409 1352 3474 tot
1374 3409 1551 3491 tantaque
1575 3421 1658 3490 per·

311 3519 397 3605 cipit
419 3515 686 3594 emolumenta,
710 3533 823 3582 curas
846 3513 1163 3600 cogitati0nesque
1193 3529 1284 3579 6666
1316 3509 1428 3578 616611
1457 3509 1581 3578 studio
1605 3509 1658 3576 16-

311 3624 464 3695 tendere
487 3627 673 3708 satagunt,
697 3621 797 3688 6116
821 3621 865 3688 116
889 3619 1101 3707 regularem
1124 3616 1367 3703 disciplinam,
1388 3617 1486 3684 unde
1510 3616 1656 3702 potissi·

312 3749 420 3799 mum
436 3728 658 3798 eorumdem
675 3728 856 3796 Ordinum
867 3728 993 3795 'decus
1009 3724 1264 3812 proficiscitur,
1278 3725 1430 3811 quando
1447 3722 1654 3792 necessitas

311 3838 482 3927 postulet,
507 3841 691 3920 tueantur,
718 3839 936 3904 restaurent.
968 3835 1048 3901 Hoc
1078 3831 1231 3900 consilio
1255 3829 1531 3917 Trappensium
1563 3829 1657 3898 Con·

313 3945 518 4034 gregationi
543 3945 677 4014 6166116
700 3945 858 4012 Nostrae
881 3941 1012 4010 oculos
1036 3943 1305 4024 convertentes
1324 3937 1490 4006 Abbates
1506 3953 1652 4020 omnes,

312 4053 469 4140 Priores
483 4053 651 4140 altosque
668 4051 868 4119 domorum
886 4050 942 4118 vel
957 4049 1187 4135 Superiores
1202 4045 1260 4114 vel
1274 4048 1471 4131 deputatos
1484 4043 1657 4112 omnium

313 4160 645 4230 observantiarum
668 4157 968 4228 Cistercionsium
985 4156 1280 4242 Trappistarum,
1297 4152 1507 4222 secundum
1524 4149 1655 4219 iussio

313 4286 401 4338 nem
426 4269 479 4337 eis
502 4267 719 4352 intimatam;
744 4283 811 4351 per
834 4265 1025 4333 decretum
1052 4260 1357 4351 Congregationis
1380 4258 1655 4345 Episcoporum

315 4391 361 4443 ac
386 4372 630 4462 Regularium
653 4371 808 4458 negotiis
832 4373 867 4438 et
889 4368 1225 4438 consultationibus
1256 4365 1474 4434 dirimendis
1502 4379 1658 4450 praepo-

315 4481 407 4550 sitae
432 4480 491 4550 die
516 4499 568 4548 xx
592 4477 733 4546 mensis
757 4476 835 4544 Iulii
859 4475 1064 4562 superioris
1088 4475 1175 4544 6661
1200 4476 1342 4558 (161616,
1368 4473 1530 4540 Romam
1548 4487 1656 4538 voca·

314 4588 449 4674 vimus,
475 4586 588 4674 hique
610 4585 708 4652 ¹dicto
732 4583 926 4652 audientes
950 4601 1000 4651 ex
1024 4582 1193 4670 plurimis
1217 4578 1501 4665 admodumque
1518 4574 1656 4646 dissitis
