3636 5232
344 281 407 346 am
937 299 1094 346 nnuman.

428 399 498 474 His
526 403 724 503 praeterea
752 399 942 493 accedere,
973 400 1030 476 ait
1058 403 1257 503 patronus,
1280 400 1592 477 consuetudinem
1617 403 1687 477 im-

347 507 607 596 memorialem
625 525 665 596 et
684 525 939 614 constantem,
962 545 1057 622 quae
1077 545 1157 597 rem
1178 519 1361 597 conficere
1388 521 1555 597 videtur.
1588 521 1688 610 Qua-

350 644 505 741 propter
538 638 746 735 concludit,
778 640 951 716 6116616
988 641 1114 717 Bouix
1153 641 1285 716 Tract.
1318 642 1363 715 dc
1396 639 1474 744 Ep.
1502 653 1612 744 port.
1641 643 1680 726 5,

312 754 440 863 ‘pap
472 759 569 840 324.
614 759 882 865 «Episcopus,
922 762 1054 863 nequit
1090 761 1306 865 prohibere,
1347 785 1416 838 nec
1457 763 1686 865 restringere

348 879 533 957 exercitia
561 880 715 957 solita»
747 881 1128 975 confraternitatum,
1160 907 1184 957 a
1212 879 1362 970 fortiori
1389 880 1427 956 id
1455 881 1588 982 nequit
1619 909 1686 988 pa-

344 1000 498 1096 666666,
530 1003 697 1079 maxime
725 1027 841 1105 quum
870 1003 1056 1107 paroecia,
1088 1007 1132 1078 ut
1159 1002 1201 1079 in
1228 1026 1332 1096 casu,
1355 1005 1481 1078 erecta
1508 1001 1681 1078 fueritin

344 1121 502 1198 ecclesia
530 1122 760 1218 sodalitatis,
791 1147 868 1201 non
902 1126 1032 1200 autem
1060 1123 1101 1199 in
1129 1121 1289 1200 ecclesia
1315 1121 1518 1224 paroeciali
1552 1121 1688 1198 sodali·

343 1241 457 1335 tium,
488 1242 596 1319 cuius
624 1239 915 1346 praerogativae
934 1249 974 1318 et
992 1242 1199 1344 qualitates
1227 1241 1383 1322 minime
1413 1245 1505 1317 tunc
1532 1242 1684 1342 abroga-

342 1365 419 1458 tae,
450 1364 573 1439 adhuc
602 1365 721 1466 priori
749 1366 879 1440 robore
907 1364 1032 1466 vigeri
1060 1364 1220 1459 dehent,
1251 1363 1379 1466 prouti
1407 1362 1540 1438 evenit
1567 1362 1683 1464 quoad

342 1483 437 1559 alias
474 1484 648 1562 civitatis
690 1484 932 1578 sodalitates,
972 1509 1131 1586 quarum
1170 1484 1350 1562 ecclesiae
1382 1485 1424 1561 in
1460 1485 1687 1588 paroeciales

341 1607 489 1679 erectae
516 1608 621 1699 sunt,
653 1608 692 1681 et
719 1604 823 1709 ipsae
842 1605 1091 1682 nihilominus
1110 1629 1241 1681 omnes
1268 1603 1484 1681 functiones
1512 1604 1690 1681 ecclesia·-

342 1725 458 1800 sticas
477 1729 516 1800 et
535 1724 671 1801 funera
689 1725 947 1802 consodalium
975 1723 1187 1826 adimplent
1210 1725 1323 1801 iuxta
1341 1723 1497 1800 solitum
1517 1748 1584 1827 per
1601 1748 1686 1829 prc-

341 1845 443 1946 prios
471 1847 652 1941 rectores,
684 1847 739 1923 nil
767 1845 913 1948 agendo
940 1844 1093 1948 parochi
1124 1845 1341 1921 earumdem
1368 1845 1629 1922 ecclesiarum.

421 1967 616 2044 Danansro
644 1992 829 2044 6666661.
872 1967 935 2044 Ex
972 1965 1096 2042 altera
1133 1970 1243 2070 parte
1277 1966 1464 2070 parochus
1500 1967 1615 2044 Ziuni
1645 1968 1684 2042 in

341 2086 604 2189 manuscripta
632 2087 863 2190 allegatione
891 2086 1057 2174 affirmat
1086 2087 1126 2162 in
1154 2087 1289 2190 primis
1327 2087 1424 2188 quod
1452 2087 1687 2181 functiones

340 2204 413 2278 etsi
441 2204 617 2282 Sodalitii
643 2208 832 2310 propriae,
864 2206 996 2284 confici
1025 2205 1161 2282 debent
1188 2207 1229 2282 in
1257 2205 1432 2284 Ecclesia
1465 2206 1681 2310 paroeciali,

339 2348 362 2398 a
390 2325 540 2428 proprio
568 2327 746 2429 paroch0,
778 2327 934 2404 minime
962 2351 1053 2403 vero
1081 2354 1104 2403 a
1131 2326 1387 2404 sacerdotibus
1415 2309 1595 2404 sodalitio
1622 2327 1690 2404 ad-

266 2519 267 2524 ,
339 2443 468 2539 dictis,
491 2445 601 2547 idque
630 2447 700 2524 sibi
728 2449 922 2524 vindicare
951 2447 1106 2542 nititur,
1130 2447 1270 2523 nedum
1298 2473 1345 2523 ex
1373 2447 1495 2523 officio
1510 2447 1682 2550 parochi,
1801 2449 1802 2528 l

339 2564 402 2638 sed
430 2565 624 2640 etiamen
652 2591 808 2643 munere
836 2566 1010 2660 rectoris,
1042 2566 1210 2642 eiusdem
1237 2567 1432 2663 ecclesiae,
1458 2567 1500 2642 in
1528 2591 1605 2667 qua
1624 2593 1690 2644 su·
1801 2589 1802 2632 l

337 2711 508 2790 premum
537 2713 672 2765 revera
700 2691 866 2766 obtinuit
894 2689 1119 2782 dominium,
1142 2713 1347 2790 veramque
1367 2714 1411 2765 ac
1430 2689 1685 2766 omnimodam

337 2808 496 2912 adeptus
524 2812 584 2885 est
611 2809 959 2914 independentiam,
991 2835 1039 2886 ex
1068 2833 1155 2911 quo,
1186 2809 1245 2886 uti
1274 2809 1477 2913 parochus,
1508 2835 1578 2912 per
1607 2814 1691 2887 tra·

337 2930 521 3010 ditionem
548 2931 718 3009 clavium
747 2935 788 3009 in
816 2957 947 3008 veram
966 2937 1004 3008 et
1024 2932 1165 3008 realem
1193 2931 1469 3034 possessionem
1497 2931 1607 3007 illius
1626 2956 1689 3009 ec·

1801 4097 1802 4142 l

1801 4403 1802 4448 l

1801 4451 1802 4488 l

1801 4495 1802 4528 l

336 3051 474 3128 clasiae
501 3051 578 3128 fuit
605 3052 816 3146 immissus,
847 3059 961 3154 atque
990 3053 1046 3130 ita
1073 3053 1249 3157 proprius
1277 3057 1317 3129 et
1345 3052 1535 3129 naturalis
1556 3059 1687 3130 rector

335 3171 502 3246 eiusdem
522 3176 582 3250 est
599 3171 773 3250 effectus.
797 3173 867 3248 Sed
887 3174 933 3248 ad
953 3173 1196 3249 ecclesiarum
1222 3177 1387 3249 rectores
1407 3176 1554 3275 spectat
1576 3158 1687 3250 exer-

335 3279 470 3368 citium
497 3294 667 3370 omnium
696 3293 953 3388 functionum,
976 3319 1070 3394 quae
1089 3294 1130 3370 in
1149 3293 1283 3369 iisdem
1308 3293 1406 3369 forte
1426 3299 1682 3395 peragantur,

335 3413 458 3488 veluti
487 3413 589 3490 inter
617 3413 712 3490 alios
731 3415 808 3518 legi
829 3417 1015 3490 memorat
1034 3412 1132 3518 apud
1160 3413 1216 3488 De
1244 3414 1412 3515 Fargna.
1448 3443 1466 3483 ‹
1489 3413 1686 3491 Habemus

335 3532 438 3608 enim
475 3538 715 3611 constantem
753 3536 924 3611 omnium
961 3534 1157 3610 doctorum
1193 3534 1409 3637 opinionem
1446 3534 1688 3612 unanimiter

334 3653 640 3731 firmantium...
673 3654 720 3732 ad
752 3655 942 3732 dictarum
970 3655 1214 3730 ecclesiarum
1253 3659 1418 3732 rectores
1447 3659 1598 3757 spectat
1628 3657 1690 3732 fa-

333 3799 418 3852 cere
445 3774 739 3870 benedictiones,
770 3781 810 3852 et
837 3775 933 3852 alias
962 3774 1178 3851 functiones
1202 3801 1278 3852 non
1308 3774 1541 3878 parochiales
1573 3803 1692 3879 pera-

333 3921 462 3998 gere»
495 3895 552 3971 De
581 3905 773 4000 r'ureputr.
797 3909 908 4000 port.
935 3897 971 3982 J,
997 3921 1087 3969 666.
1110 3896 1152 3980 al,
1174 3924 1206 3969 c.
1230 3897 1270 3978 9,
1293 3922 1408 3972 6666.
1431 3895 1532 3980 4,(1,
1554 3897 1582 3971 9
1604 3903 1683 3974 etc.

413 4015 537 4104 Quam
564 4016 777 4093 doctrinam
805 4015 913 4091 suam
942 4015 1076 4090 habere
1105 4015 1231 4091 subdit
1259 4015 1493 4091 sanctionem
1523 4015 1565 4091 in
1596 4016 1687 4120 plu-

331 4135 439 4210 rimis
476 4135 745 4229 dccisionibuS,
787 4135 1010 4237 praesertim
1039 4133 1106 4210 SS.
1138 4134 1232 4212 RR.
1265 4134 1604 4237 OopgregationiS,
1640 4143 1685 4213 ut

331 4255 373 4331 in
402 4255 642 4348 Risinianen,
674 4257 751 4330 clici·
776 4257 803 4328 O
826 4253 995 4330 Octobris
1025 4254 1154 4342 loro·
1185 4254 1434 4332 Cuseutinen.
1469 4253 1526 4334 26
1558 4255 1692 4358 Apri·-
1801 4283 1802 4288 ¹

332 4376 379 4450 lis
408 4374 538 4464 183&
566 4387 601 4450 et
629 4377 730 4450 uhts.

412 4494 519 4582 Quod
547 4496 580 4572 si
608 4498 761 4574 tantum
791 4494 955 4598 simplici
982 4493 1144 4572 alicuius
1164 4495 1345 4572 ecclesiae
1373 4495 1511 4572 rectori
1539 4497 1688 4574 tribui·
1801 4541 1802 4598 ‡

330 4619 409 4708 tur,
441 4639 484 4691 eo
511 4615 574 4691 vel
601 4616 724 4718 magis
743 4621 782 4693 et
801 4613 977 4719 paroch0,
1009 4615 1073 4716 qui
1102 4641 1209 4692 suam
1232 4616 1431 4692 ecclesiam
1449 4615 1490 4692 iu
1511 4615 1681 4695 titulum
