3672 5216
751 285 918 331 sucronem.
1453 275 1510 337 153

166 381 249 484 pria
277 384 384 484 origo
412 383 624 488 Superioris
652 387 858 488 repetenda
886 413 909 463 a
938 388 1288 468 Constitutionibus
1313 417 1428 496 supra
1448 391 1514 468 ad-

166 501 306 578 ductis.
329 503 472 582 Deinde
502 506 709 584 Consultor
737 507 882 584 refutat
911 509 1117 586 secundum
1147 511 1374 588 Monialium
1398 539 1514 614 argu-

167 627 340 698 mentum
370 649 501 727 nempe
528 626 573 701 de
602 651 759 703 assensn
788 627 889 703 circa
918 627 988 703 hoo
1016 634 1205 731 punctum
1222 629 1514 738 Ordinariorunr

166 747 208 818 et
235 743 355 845 ipsius
393 744 499 824 Sedis
529 747 799 848 Apostolicae:
840 748 921 850 ipsc
956 750 1173 826 transvolat
1206 776 1321 854 super
1356 777 1514 832 assensu

169 861 473 960 Ordinariornm,
505 893 590 944 cunr
621 867 735 944 nimis
764 867 921 970 longum
941 873 981 946 ct
1000 870 1231 947 salebrosum
1260 877 1361 948 esset
1389 872 1516 950 discu-

170 987 265 1075 tere,
298 1010 380 1086 quo
398 1012 512 1063 sensu
541 993 580 1064 et
608 987 741 1088 quibus
766 988 1067 1065 circumstantiis
1095 991 1176 1094 ipse
1204 993 1412 1094 praestitus
1432 993 1515 1069 fue-

169 1104 244 1197 rit;
277 1107 398 1182 solum
423 1109 623 1212 respondet
642 1133 728 1184 curn
756 1109 899 1184 actuali
927 1109 1115 1213 Episcopo
1143 1112 1386 1206 Lucionensi‚
1417 1113 1514 1215 quod

165 1215 388 1328 approbatio
429 1230 704 1333 Episcoporum
746 1229 927 1306 interfuit
956 1232 1100 1308 nonin
1129 1257 1242 1309 sensu
1280 1233 1514 1312 Memorialis

168 1345 336 1424 filiarum
357 1351 402 1424 de
422 1351 460 1424 la
480 1351 642 1453 Snpesse
660 1350 724 1427 sed
744 1349 964 1459 Superiores
984 1353 1192 1430 Generales
1215 1355 1401 1460 recogniti
1422 1361 1514 1432 sunt

166 1491 236 1543 ceu
264 1468 452 1572 ¹Ilelepntr'
487 1470 741 1547 Auctoritatis
774 1471 1018 1575 Ir'pdmopolr's
1049 1474 1161 1551 iuxta
1192 1475 1394 1552 canonicas
1427 1503 1516 1555 san-

166 1588 330 1666 ctiones.

249 1711 333 1799 Quo
351 1737 441 1789 vero
462 1714 509 1789 ad
536 1713 763 1816 implicitam
791 1715 1097 1816 approbationem
1124 1715 1232 1794 Sedis
1256 1718 1512 1820 Apostolicae,

168 1832 271 1908 malo
291 1858 444 1936 prorsus
464 1834 622 1909 consilio
645 1859 728 1910 earn
748 1835 860 1936 argui
879 1835 1076 1911 contendit
1095 1861 1116 1910 e
1136 1837 1261 1913 literis
1281 1839 1420 1915 Leonis
1440 1837 1515 1913 XII

166 1952 271 2029 datis
300 1953 352 2028 ccl
380 1953 431 2028 P.
458 1953 677 2029 Gabrielem
698 1954 873 2055 Debapes
892 1955 1123 2032 Praesident
1156 1957 1385 2034 Grueraleln
1415 1955 1543 2034 Con-⁴

165 2081 411 2176 prepolr'cm's·
443 2076 772 2176 Corrrlouotcrnue
792 2075 965 2179 Spiritus
983 2075 1134 2161 Sancti,
1158 2085 1322 2180 cleroque
1345 2079 1515 2180 Conpre-

166 2202 340 2294 polr'om's
359 2195 560 2271 Fe'le‘crnm
587 2205 631 2270 de
651 2196 690 2270 la
709 2196 871 2298 Salpensa
900 2210 1252 2298 rnerrcnpatarura:
1283 2199 1351 2276 bae
1381 2199 1514 2275 literae

169 2314 421 2408 laudatoriae‚
453 2316 567 2391 sicuti
605 2316 682 2391 alia
717 2317 858 2393 Brevia
886 2323 925 2392 et
954 2318 1160 2421 Rescripta
1188 2345 1210 2394 a
1238 2320 1309 2395 Pio
1338 2319 1393 2397 IX
1426 2325 1465 2397 et
1493 2347 1515 2398 a

167 2433 209 2508 S.
243 2434 549 2536 Congregatione
582 2436 698 2528 edita,
735 2440 930 2512 testantur
971 2436 1119 2537 quidem
1149 2437 1194 2514 de
1223 2437 1325 2514 facto
1351 2439 1515 2541 duplicis

167 2553 474 2657 SuperioritatiS‚
498 2556 562 2631 sed
590 2556 688 2632 nihil
717 2560 864 2659 ponunt
893 2558 934 2632 in
962 2581 1044 2633 esse
1064 2558 1182 2657 quoad
1202 2559 1297 2634 iuris
1325 2561 1531 2661 quaestio.

168 2700 271 2751 nem.
305 2677 434 2776 Neque
463 2677 555 2753 item
584 2677 683 2754 bauo
712 2678 1018 2780 approbationem
1054 2678 1201 2765 desumi
1229 2703 1337 2782 posse
1363 2705 1412 2756 ex
1441 2680 1516 2757 De-

164 2799 272 2872 creto
293 2797 332 2872 S.
352 2795 670 2898 Congregationis
699 2797 941 2900 approbantis
971 2803 1175 2900 utrumque
1203 2801 1376 2903 superius
1396 2825 1517 2877 enun-

166 2915 312 2992 ciatum
343 2915 584 3003 Institutum,
614 2941 745 3019 nempe
775 2917 1092 3018 Congregatiouis
1121 2920 1320 2997 Marianae
1347 2927 1386 2997 et
1415 2922 1516 2998 Con-

168 3037 406 3139 gregationis
448 3037 634 3114 Filiorum
679 3037 914 3140 Sapientiae3
949 3064 1036 3114 nam
1065 3039 1155 3116 dum
1188 3041 1225 3120 S.
1253 3041 1513 3143 Congregatio

167 3161 374 3260 utrumque
403 3158 648 3250 Institutum,
670 3159 866 3261 approbat,
889 3159 1056 3235 declarat
1084 3187 1151 3263 per
1178 3161 1282 3237 viam
1301 3161 1394 3239 facti
1415 3163 1514 3236 ur'lu'l
1540 3238 1542 3242 .

167 3282 322 3354 obstare
350 3287 562 3380 (peccaremus
590 3287 746 3354 luterum
775 3281 1025 3354 observentur
1062 3267 1361 3357 Coastr'luu'onrs
1389 3285 1515 3380 resor-

168 3399 344 3475 mcudoe
362 3411 429 3474 etr.
454 3399 553 3476 Hinc
571 3399 733 3475 dilatum
762 3398 943 3474 iudicium
968 3401 1069 3476 circa
1088 3400 1414 3478 Constitutiones:
1438 3404 1513 3480 ianr

167 3545 261 3595 vero
288 3503 460 3620 quaestio
489 3521 590 3596 cirea
619 3519 778 3594 formam
808 3519 1006 3621 regiminis
1025 3546 1091 3596 seu
1111 3521 1155 3597 de
1175 3522 1373 3624 Superiore
1392 3524 1516 3600 Gene-

170 3640 244 3716 rali
273 3642 424 3743 proprie
453 3640 576 3716 locum
602 3640 715 3716 habet
734 3641 772 3715 in
793 3639 1158 3734 ConstitutionibuS,
1190 3667 1283 3743 quae
1311 3642 1433 3719 adbuc
1452 3643 1515 3719 de-

167 3761 341 3837 siderant
369 3761 695 3865 approbationem.

251 3882 412 3957 Demum
433 3882 640 3958 Consultor
658 3881 840 3984 expendit
858 3889 1129 3983 argumentum
1153 3884 1409 3986 desumptum,
1432 3888 1515 3959 tum

167 4025 216 4076 ex
247 4001 418 4078 utilitate
446 4001 747 4078 conservationis
777 4003 989 4105 Superioris
1010 4005 1210 4080 Generalis
1236 4005 1446 4080 communis
1474 4006 1515 4080 iu

168 4127 332 4223 utraque
366 4121 686 4224 Congregatione,
726 4127 809 4197 tum
845 4147 893 4198 ex
927 4121 1076 4199 damnis
1115 4150 1209 4224 quae
1243 4125 1435 4201 orirentur
1467 4149 1515 4200 ex

169 4241 337 4318 eiusdem
361 4243 631 4345 ,suppressione
652 4247 690 4318 et
710 4239 944 4318 ita'refutat.
968 4242 1084 4319 quta
1111 4245 1299 4321 llloniales
1321 4245 1360 4320 in
1386 4245 1515 4322 ordine

170 4363 365 4464 spirituali
394 4363 562 4438 maxima
591 4363 741 4440 utilitas
770 4387 864 4463 qnae
898 4386 947 4438 ex
982 4366 1270 4441 conservatione
1303 4364 1515 4467 Superioris

170 4481 371 4560 Generalis
399 4482 564 4577 derivat,
601 4483 641 4559 in
674 4506 717 4557 eo
754 4485 814 4562 est
848 4481 944 4584 quod
983 4483 1054 4558 tali
1087 4483 1236 4559 ratione
1270 4484 1311 4559 in
1343 4485 1515 4560 omnibus

172 4601 489 4706 Congregationis
531 4603 700 4680 domibus
743 4607 921 4680 servetur
962 4602 1062 4679 idem
1104 4603 1278 4706 spiritns,
1317 4603 1517 4706 primitiva
