3672 5216
419 392 766 476 DECRETUM
791 391 1135 474 GENERALE

166 658 364 718 immittis
382 659 527 728 lautorum,
547 671 617 726 auso
637 657 675 713 uti
691 623 916 727 primariam!
936 659 1122 718 secundaria
1142 657 1380 716 artnentum.

192 817 303 884 quta
329 817 527 893 Decretum
552 813 623 883 diei
645 815 666 882 2
692 814 770 883 Iulii
795 833 915 902 nuper
938 815 1075 904 elapsi,
1097 835 1218 904 quum
1249 837 1271 886 a
1304 835 1366 886 me
1397 817 1452 885 in-

111 904 302 991 frascripto
326 903 510 973 Cardinali
544 903 682 973 Sacrae
708 903 862 973 Rituum
886 905 1170 994 congregationi
1192 904 1382 976 Praefecto
1410 914 1447 976 et

112 995 283 1065 Relatore
307 993 343 1062 in
369 992 572 1062 Ordinariis
596 992 781 1080 Comitiis,
806 992 1025 1082 subsignata
1055 995 1115 1064 die
1146 994 1196 1066 ad
1224 996 1450 1066 Vaticanum

108 1083 346 1168 coadunatis,
371 1083 561 1168 proposita
586 1080 696 1150 fuerit
725 1083 971 1169 approbanda
1003 1083 1201 1172 Catalogus
1239 1085 1449 1170 Fastorum,

110 1193 205 1262 quae
228 1172 281 1241 uti
304 1169 494 1261 primaria
517 1169 576 1240 vel
600 1169 829 1240 secundaria
852 1172 1043 1260 retinenda
1068 1179 1171 1260 sunt3
1196 1174 1281 1243 Emi
1302 1177 1339 1243 et
1361 1174 1449 1242 arm

109 1264 237 1334 Patres
260 1262 386 1331 Sacris
408 1260 558 1330 tuendis
581 1260 727 1329 Ritihus
751 1261 962 1347 praepositi,
988 1261 1113 1332 audito
1137 1281 1230 1332 voce
1253 1265 1291 1332 et
1312 1262 1450 1350 scripto

110 1355 148 1422 R.
171 1354 214 1422 P.
241 1353 281 1419 D.
307 1348 516 1438 Augustino
540 1349 704 1436 Caprara
728 1349 764 1418 S.
782 1350 882 1419 Fidei
909 1351 1145 1440 Promotum,
1170 1353 1220 1422 ita
1243 1351 1451 1422 rescribere

109 1442 169 1512 rati
195 1447 308 1510 sunt:
343 1441 615 1524 Arrrauarrvn3
645 1442 768 1507 evecto
797 1437 848 1508 ad
872 1436 988 1509 ritum
1011 1439 1180 1530 Duplicis
1204 1439 1382 1528 Maioris,
1409 1439 1449 1508 in

108 1527 340 1600 Kalendario
365 1526 587 1610 rmiuersati,
607 1524 710 1616 sesto
734 1527 988 1598 Dedicationis
1012 1529 1198 1600 Basilioae
1231 1530 1295 1599 SS.
1321 1529 1451 1600 Saloa-

108 1619 214 1706 toris,
233 1618 267 1689 si
283 1615 523 1688 Sanctissimo
535 1615 734 1707 placuerit.
766 1617 965 1708 Catalepta
989 1639 1078 1689 uero
1102 1618 1156 1690 ita
1170 1640 1210 1690 se
1224 1618 1378 1690 lrabeat:
1403 1617 1449 1707 (1)

574 1813 725 1882 FESTA
749 1815 987 1885 PRIMARIA

505 1974 544 2024 m
568 1973 799 2029 onnunnamo
823 1979 1052 2031 unrvunsanr.

361 2211 364 2220 Ι
467 2117 499 2198 5.
525 2116 549 2183 Ι.
576 2115 750 2206 Duplicia
770 2117 925 2188 Primae
947 2119 1091 2192 Classis.

196 2257 380 2327 Nativitas
404 2256 561 2327 Domini.

195 2347 406 2434 Epiphania
430 2347 587 2416 Domini.

197 2437 346 2506 Pascha
371 2437 677 2508 Resurrectionis.

197 2525 383 2594 Ascensio
406 2527 564 2595 Domini.

195 2615 448 2684 Pentecostes.

198 2705 354 2772 Festum
379 2704 551 2792 Corporis
576 2703 720 2772 Christi.
1085 2783 1086 2786 Ἴ

198 2794 430 2880 Assumptio,
455 2797 492 2862 et
514 2792 759 2864 Immaculata
783 2793 982 2882 Conceptio
1006 2797 1045 2865 B.
1062 2799 1110 2866 M.
1127 2799 1172 2868 V.

198 2881 380 2952 Nativitas
404 2882 440 2952 S.
458 2881 608 2952 loannis
631 2882 827 2969 Baptistae.

200 2973 354 3040 Festum
378 2971 414 3041 S.
440 2972 575 3058 Ioseph
599 2971 736 3058 Sponsi
759 2972 798 3040 Β.
823 2975 872 3042 M.
896 2976 941 3041 V.

200 3063 355 3130 Festum
381 3061 437 3130 Ss.
455 3061 722 3147 Apostolorum
747 3062 845 3130 Petri
869 3068 906 3132 et
927 3063 1043 3134 Pauli.

199 3152 352 3220 Festum
378 3149 555 3219 Omnium
579 3149 815 3220 Sanctorum.

202 3239 389 3309 Dedicatio
412 3240 586 3326 propriae
609 3239 808 3310 Ecclesiae.

200 3329 398 3416 Patronus,
423 3327 483 3396 vel
506 3328 650 3397 Titulus
674 3329 871 3399 Ecclesiae.

200 3418 387 3487 Patronus
410 3417 627 3505 Principalis
650 3417 837 3507 Regionis,
862 3417 922 3487 vel
946 3419 1142 3507 Dioecesis,
1168 3423 1233 3490 aut
1255 3419 1335 3490 loci.

442 3579 472 3660 ἓ.
499 3577 539 3644 ΙΙ.
564 3576 740 3666 Duplicia
765 3576 956 3648 Secundae
978 3577 1124 3649 Classis.

201 3713 444 3784 Circumcisio
467 3717 625 3786 Domini.

202 3804 356 3873 Festum
381 3804 516 3876 Samae
538 3807 734 3876 Trinitatis.

201 3891 414 3963 Purificatio
438 3895 477 3962 Β.
494 3897 635 3966 Mariae
657 3897 832 3986 Virginis.

202 3982 445 4054 Annuntiatio
468 3984 507 4052 Β.
524 3986 665 4056 Mariae
689 3987 861 4074 Virginis.

202 4071 371 4142 Visitatio
396 4073 435 4141 Β.
451 4074 593 4144 Mariae
616 4075 790 4164 Virginis.

202 4161 382 4230 Nativitas
405 4162 445 4230 Β.
462 4163 603 4233 Mariae
626 4165 799 4252 Virginis.

200 4249 389 4320 Dedicatio
412 4252 447 4321 S.
464 4253 655 4322 Michaelis
678 4253 914 4342 Archangeli.

202 4339 370 4410 Natalitia
394 4342 579 4438 Undecim
603 4344 882 4430 Apostolorum.

138 4570 144 4582 ι
193 4511 225 4572 (1)
241 4517 387 4564 Decretum
402 4518 530 4572 generale
547 4518 635 4574 quoad
650 4519 892 4576 praeeminentiam
909 4521 984 4568 inter
1001 4521 1073 4570 tosta
1091 4523 1223 4582 primario
1240 4528 1269 4573 et
1282 4523 1450 4574 secuntur-is

115 4573 234 4622 niualem
250 4579 326 4626 ritus
342 4578 425 4627 adest
443 4579 500 4626 Vol.
514 4581 609 4628 XXVI.
627 4593 687 4640 pag.
702 4582 739 4628 51.
