3694 5230
773 261 927 308 anantes.
1461 249 1520 312 2ss

170 386 316 464 ponere
344 363 497 466 petendi
525 364 694 458 veniam,
726 391 748 439 a
777 364 940 466 parocho
969 389 1035 466 pro
1063 363 1357 468 adimplemento
1390 389 1523 440 earum

172 479 443 577 functionum,
474 484 520 560 ad
549 508 642 586 quas
679 509 747 587 per
785 484 939 586 regulas
966 489 1007 560 et
1039 486 1311 562 conventiones
1349 489 1518 579 tenetur,

165 626 342 704 quaeque
368 604 481 681 iuxta
507 604 674 682 eamdem
709 605 943 682 sententiam
971 606 1209 708 exequendae
1245 610 1338 682 sunt
1366 630 1433 708 per
1461 631 1524 681 sa-

164 747 283 800 crum
309 729 350 800 et
375 725 516 802 rituale
553 725 814 802 ministerium
841 751 864 802 a
892 726 1092 805 Sacerdote
1123 711 1289 804 Rectore
1326 726 1521 830 spirituali

163 843 351 922 Sodalitii
378 844 513 948 ipsius.

254 964 315 1042 Ad
344 964 551 1043 secundum
579 991 669 1044 suae
688 967 874 1044 orationis
896 971 1010 1072 caput
1030 967 1190 1070 gradum
1220 967 1365 1044 faciens
1393 971 1522 1071 patro-

169 1110 261 1178 nus,
282 1085 495 1180 contendit,
519 1085 889 1165 Confraternitatem
917 1087 1097 1189 colligere
1125 1112 1233 1190 posse
1261 1087 1520 1188 eleemosynas

147 1201 279 1282 ‘intra
305 1204 506 1283 ecclesiam
534 1209 574 1283 et
592 1208 777 1284 ambitum
806 1209 1000 1310 paroeciae
1028 1207 1283 1310 dependenter
1301 1211 1455 1284 tantum
1475 1208 1520 1283 ab

161 1320 391 1400 Ordinario.
431 1323 493 1400 Ad
525 1326 622 1426 quod
658 1326 894 1428 probandum
922 1331 1112 1404 assertum
1146 1327 1520 1430 argumentationem

161 1442 341 1521 adstruit
376 1470 425 1521 ex
453 1445 546 1538 hoc,
584 1447 681 1547 quod
719 1445 900 1551 Episcopi
928 1446 969 1524 in
1008 1449 1088 1524 suis
1123 1447 1352 1525 dioecesibus
1390 1447 1519 1522 omnia

169 1565 347 1664 possunt,
379 1589 474 1666 quae
503 1569 629 1668 potest
658 1565 837 1642 Summus
866 1563 1049 1644 Pontifex
1068 1568 1109 1644 in
1129 1568 1310 1644 universo
1329 1568 1431 1662 orbe,
1452 1592 1520 1642 cx·
1557 1633 1561 1644 ,

160 1684 295 1787 ceptis
323 1684 541 1788 specialiter
568 1686 790 1763 reservatis.
821 1687 988 1766 Barbosa
1021 1687 1079 1764 Dc
1106 1689 1176 1790 off.
1209 1699 1246 1764 ct
1263 1699 1404 1792 potest.
1435 1686 1513 1791 Ep.

159 1830 268 1908 pars
294 1804 338 1890 2,
370 1806 439 1880 ull.
474 1808 514 1910 1,Ι
545 1834 586 1881 a.
618 1809 661 1892 6,
691 1810 731 1883 et
758 1805 895 1883 exinde
913 1807 1033 1884 infert
1060 1807 1209 1885 nullam
1237 1809 1443 1912 parochum
1462 1807 1480 1884 f
1501 1852 1520 1866 -

158 1924 356 2002 cultatem
384 1951 465 2004 sese
493 1928 705 2030 opponendi
725 1927 875 2021 habere,
898 1927 1046 2029 quoties
1074 1926 1300 2006 Ordinarius
1320 1929 1518 2006 licentiam

158 2043 376 2147 colligendi
404 2045 665 2149 eleemosynas
692 2047 1076 2128 confraternitatibus
1103 2049 1300 2127 concedat.

251 2163 360 2252 Quod
388 2167 540 2268 quidem
566 2169 627 2244 ius
654 2167 845 2270 ‚explicite
874 2169 918 2244 ab
947 2169 1151 2271 episcopali
1187 2169 1381 2245 sententia
1414 2190 1520 2244 reco-

165 2286 341 2388 gnitum,
372 2288 411 2364 in
441 2313 531 2366 casu
560 2290 777 2366 roboratum
805 2314 887 2365 esse
907 2290 963 2365 ait
981 2291 1025 2366 ab
1045 2290 1203 2390 antiqua
1226 2289 1513 2382 consuetudine,

168 2405 344 2508 hancque
370 2409 635 2494 confirmatam
665 2407 783 2484 fuisse
811 2433 834 2484 a
861 2407 1007 2485 Summi
1044 2408 1245 2486 Pontificis
1273 2408 1447 2511 delegato
1476 2409 1517 2486 in

170 2549 240 2602 suo
267 2527 419 2604 decreto
456 2527 531 2604 diei
558 2528 606 2604 21
639 2527 835 2604 Februarii
877 2527 994 2623 1708,
1026 2531 1089 2630 qui
1122 2530 1238 2606 etiam
1267 2529 1326 2606 ius
1362 2528 1518 2632 petendi

162 2645 311 2749 stipem
338 2647 443 2725 inter
478 2648 556 2725 alia
583 2648 769 2726 sancivit:
806 2647 1061 2748 «instantes,
1095 2649 1240 2754 legitur
1267 2650 1308 2727 in
1345 2645 1517 2752 praefato

158 2770 334 2863 decreto,
356 2768 398 2846 in
425 2795 532 2864 vera,
556 2770 665 2863 reali,
688 2769 845 2866 actuali,
869 2769 991 2864 civili,
1013 2775 1053 2846 et
1071 2768 1259 2872 corporali
1283 2769 1516 2872 possessione

164 2887 444 2966 solemnizandi
477 2889 619 2967 festum
656 2887 928 2968 immaculatae
957 2889 1226 2992 Conceptionis
1267 2889 1374 2966 intus
1402 2876 1518 2964 colle-

164 3010 314 3111 giatam
341 3009 539 3088 ecclesiam
568 3011 704 3088 Ssrnae
743 3011 1089 3104 Annuntiationis,
1120 3009 1312 3088 deferendi
1345 3013 1515 3086 statuam

164 3133 285 3209 Bmae
314 3133 491 3236 Virginis
514 3159 579 3237 per
598 3133 799 3210 civitatem
829 3132 1017 3226 Andrien,
1048 3131 1299 3234 quaestuandi
1329 3154 1396 3233 per
1413 3153 1516 3206 cam-

157 3250 251 3328 dem
278 3251 327 3328 ad
355 3253 518 3330 formam
556 3253 661 3330 soliti
690 3257 764 3330 etc.
791 3283 827 3328 ›.
868 3252 975 3340 Quae
1003 3252 1153 3354 quidem
1181 3252 1288 3328 etin
1323 3249 1516 3326 sententia

165 3373 346 3477 Episcopi
377 3374 479 3451 ultro
507 3375 661 3452 admitti
690 3378 877 3477 patronus
906 3373 1056 3450 recolit.

247 3493 379 3570 Tertio
407 3496 488 3572 loco
515 3496 631 3572 aliam
660 3494 706 3570 ad
734 3519 895 3570 examen
924 3518 1107 3570 revocans
1136 3493 1409 3594 quaestionem,
1441 3490 1515 3567 sci-

167 3612 282 3690 licet:
315 3615 587 3716 proprietatem
616 3613 766 3690 aedium
794 3611 1051 3689 adiacentium
1082 3612 1262 3690 ecclesiae
1290 3610 1509 3716 paroeciali,

160 3737 207 3809 et
233 3733 465 3810 nominatim
492 3760 652 3837 magnae
681 3734 872 3837 cappellae
906 3732 1024 3836 vulgo
1053 3735 1298 3836 cappadoce,
1339 3757 1512 3810 necnon

163 3858 319 3931 statuae
356 3853 396 3932 S.
429 3855 572 3949 Sabini,
603 3861 643 3931 et
671 3879 867 3942 sacrarum
905 3853 1228 3956 suppellectilium
1260 3865 1430 3957 spectare
1463 3853 1510 3929 ad

162 3975 553 4069 confraternitatem,
593 3976 767 4078 exposita
794 3974 835 4051 in
869 3973 1004 4077 primis
1045 3975 1290 4078 proprietatis
1332 3973 1509 4067 notione,

168 4097 275 4174 Rata
302 4095 392 4172 Dec.
421 4096 477 4172 48
509 4123 552 4173 n.
586 4096 653 4180 11,
683 4109 719 4171 et
746 4095 837 4170 Dec.
876 4095 956 4171 106
985 4121 1026 4170 a.
1061 4096 1112 4170 15
1141 4121 1275 4170 coram
1302 4093 1436 4178 Rode,
1467 4092 1508 4168 in

166 4216 302 4318 primis
322 4215 490 4292 affirmat
505 4214 776 4319 proprietatem
796 4214 996 4316 utriusque
1015 4213 1186 4292 officinae
1204 4213 1385 4291 ecclesiae
1404 4213 1509 4288 adia-

164 4337 289 4415 centis
318 4340 490 4439 spectare
509 4336 556 4414 ad
575 4335 831 4412 sodalitatem.
863 4333 906 4411 Id
924 4335 1101 4410 evincere
1121 4335 1262 4411 nititur
1286 4357 1396 4410 exeo
1415 4331 1512 4435 quod

162 4459 382 4538 huiusmodi
409 4458 623 4564 proprietas
652 4458 697 4533 ab
724 4457 929 4534 erectionis
967 4455 1118 4546 decreto
1145 4455 1302 4531 minime
1334 4453 1411 4530 fuit
1437 4454 1512 4529 im-

162 4585 316 4660 mutata
335 4580 398 4658 vel
417 4580 459 4657 in
478 4580 597 4657 alium
616 4576 824 4654 translata.
857 4577 963 4664 Quod
983 4579 1111 4653 autem
1133 4601 1294 4678 magnae
1321 4573 1515 4679 cappellae
