3672 5216
416 335 509 406 iiiiix

484 516 664 576 asbeston.
684 517 721 574 lte
740 517 839 574 numne
856 515 940 574 tntu
961 514 1205 573 observantiarum
1224 513 1449 572 cister-olentium
1469 511 1689 582 imputaturum.

505 893 650 962 Romae
673 899 931 962 convenerunt
950 912 1000 962 ex
1014 892 1186 980 plurimis
1203 893 1486 981 admodumque
1502 893 1637 962 dissitis
1654 891 1762 961 orbis

414 999 583 1086 partibus
605 999 770 1068 Abbates
795 1017 938 1086 omnes
963 999 1112 1069 Priores
1129 1000 1264 1088 aliique
1280 1001 1489 1068 Domorum
1507 999 1566 1068 vel
1582 999 1760 1086 Superio-

413 1123 477 1174 res
500 1105 560 1174 vel
584 1105 755 1192 Deputati
777 1107 949 1174 omnium
973 1105 1305 1175 Obseruantiarum
1325 1105 1624 1174 Cisterciensium
1641 1107 1759 1190 Trap-

414 1211 608 1299 pistarum,
644 1213 856 1281 secundum
887 1213 1092 1281 iussionem
1125 1211 1188 1282 SS.
1212 1213 1253 1280 D.
1277 1213 1320 1280 N.
1344 1211 1481 1281 Leonis
1505 1212 1574 1279 ΡΡ.
1590 1212 1677 1280 ΧΙΙΙ
1702 1212 1760 1282 eis

413 1317 621 1388 intimatam
645 1338 712 1405 per
735 1320 933 1388 Decretum
958 1317 1072 1389 huius
1096 1320 1131 1389 S.
1149 1319 1760 1408 CongregationiS,Episcoporum

414 1442 460 1493 ac
483 1423 728 1512 Regularium
751 1425 907 1512 negotiis
931 1429 967 1494 et
989 1425 1325 1494 consultationibus
1348 1428 1606 1513 praepositae,
1630 1426 1691 1496 die
1712 1429 1762 1496 20

414 1528 491 1598 Iulii
518 1531 621 1616 1892,
646 1547 691 1598 ac
719 1529 897 1598 Praeside
928 1532 1022 1600 Eme
1054 1529 1238 1600 Cardinali
1261 1531 1416 1600 Camillo
1445 1530 1622 1601 Mazzella
1658 1531 1694 1601 S.
1719 1533 1759 1602 C.

415 1635 550 1705 Indicis
573 1634 774 1723 Praefecto,
797 1636 846 1705 ad
869 1637 906 1705 id
929 1637 1099 1707 muneris
1122 1637 1337 1724 Apostolica
1352 1639 1569 1708 auctoritate
1585 1638 1763 1708 subdele-

415 1747 501 1830 gato
526 1743 574 1812 ab
597 1744 691 1812 Erine
715 1743 899 1812 Cardinali
924 1744 1117 1831 Raphaele
1139 1745 1298 1815 Monaco
1313 1746 1369 1814 La
1384 1744 1552 1832 Valletta,
1570 1745 1761 1832 Episcopo

415 1846 672 1936 veliternensi,
698 1849 981 1919 poenitentiario
1006 1850 1158 1937 maiore,
1184 1857 1221 1920 et
1242 1851 1521 1938 Trappensium
1536 1857 1763 1940 protectore,

415 1955 609 2042 superiore
632 1973 764 2024 mense
788 1957 949 2026 octobris
973 1957 1086 2026 huius
1109 1958 1197 2027 anni
1214 1959 1311 2044 1892,
1331 1958 1368 2025 in
1384 1957 1543 2027 aedibus
1559 1957 1761 2028 Seminarii

416 2061 544 2131 Gallici
570 2060 634 2131 SS.
655 2061 785 2130 Cordis
812 2063 976 2150 Mariae,
1001 2064 1171 2134 omnium
1203 2065 1536 2134 Obseruantiarum
1566 2065 1764 2153 generalia

415 2168 565 2238 comitia
587 2168 754 2255 primum
776 2169 1021 2239 celebrarunt.
1046 2171 1088 2238 ln
1112 2171 1171 2240 his
1194 2175 1335 2241 tantam
1363 2190 1455 2258 prae
1472 2191 1512 2241 se
1528 2171 1648 2240 tulere
1664 2172 1763 2240 doci-

416 2273 554 2344 litatem
578 2293 623 2344 ae
645 2275 882 2345 devotionem
906 2295 998 2366 erga
1013 2277 1268 2365 Apostolicam
1285 2277 1433 2365 Sedent,
1451 2277 1637 2367 regularis
1654 2278 1763 2347 disci-

415 2380 539 2469 plinae
561 2381 696 2469 zelum,
713 2383 930 2452 incrementi
954 2401 999 2454 ac
1020 2386 1278 2482 prosperitatis
1302 2386 1457 2456 instituti
1480 2385 1659 2472 studium,
1684 2386 1764 2455 ani·

415 2508 570 2560 morum
592 2491 832 2560 concordiam
856 2492 1175 2580 consiliorumque
1203 2494 1468 2578 maturitatem,
1494 2497 1536 2562 ut
1559 2491 1622 2562 SS.
1648 2494 1689 2560 D.
1714 2494 1760 2560 N.

415 2598 540 2667 dicere
563 2617 640 2668 non
664 2598 896 2685 dubitaverit,
920 2597 958 2667 in
986 2598 1134 2669 Ordinis
1158 2597 1317 2668 historia
1340 2600 1409 2668 boe
1430 2597 1643 2688 Capitulum
1652 2596 1763 2686 futa-

415 2725 505 2776 rum
528 2705 695 2776 maoeimi
715 2705 905 2792 momenti,
924 2712 1036 2795 atque
1052 2708 1244 2794 speciatim
1269 2705 1540 2778 collaudaverit
1553 2706 1762 2796 praeclara
1829 2727 1830 2798 4

416 2836 514 2908 quae
542 2815 756 2907 praebuere
788 2815 1045 2887 unanimitatis
1069 2823 1106 2886 et
1126 2835 1330 2906 peneresae
1362 2814 1617 2904 abnepotienis
1649 2834 1767 2906 arpa·
1829 2841 1830 2892 i

318 2961 322 2966 ·
417 2935 557 3000 menta.

505 3037 585 3107 lam
602 3054 702 3122 vere,
716 3035 767 3104 uti
783 3035 947 3122 plurima
961 3033 1211 3122 capitulariter
1222 3033 1416 3120 proposita
1430 3031 1631 3101 inserenda
1649 3036 1764 3100 erunt

415 3146 453 3215 in
477 3142 806 3214 constitutionibus
829 3143 923 3213 intra
947 3160 1090 3211 annum
1116 3141 1152 3210 S.
1177 3139 1264 3209 huic
1280 3139 1564 3229 congregationi
1583 3137 1765 3207 exbiben-

415 3251 484 3339 dis,
509 3257 621 3338 atque
644 3267 732 3318 cum
753 3249 811 3318 his
827 3247 1104 3336 perpendenda,
1120 3247 1168 3316 ita
1184 3246 1367 3315 nonnulla
1382 3249 1521 3331 extant,
1538 3243 1615 3314 iere
1631 3245 1762 3313 omnia

415 3358 610 3429 communi
632 3355 775 3427 calculo
800 3356 967 3443 probata,
993 3355 1194 3442 dequibus
1217 3354 1253 3421 in
1279 3371 1461 3440 praesens
1484 3355 1541 3420 est
1564 3350 1766 3438 providen-

416 3465 521 3550 dum,
546 3483 594 3533 ne
618 3461 780 3550 amplius
804 3479 993 3548 suspensa
1015 3459 1245 3547 relinquatur
1269 3478 1314 3528 ac
1337 3459 1480 3527 incerta
1495 3457 1653 3526 Instituti
1678 3475 1768 3525 con·

416 3571 520 3657 dilio;
542 3575 784 3658 ¹quapropter,
809 3569 962 3656 praevio
980 3572 1126 3636 maturo
1143 3567 1319 3636 examine
1334 3585 1378 3634 ae
1394 3564 1640 3650 discussione,
1666 3564 1703 3633 S.
1720 3564 1760 3633 C.

415 3677 525 3766 haec,
550 3696 647 3765 quae
677 3681 904 3763 sequuntur,
929 3673 1064 3744 laturis
1093 3673 1326 3759 temporibus
1356 3676 1537 3759 perpetuo
1568 3669 1761 3740 servanda

416 3784 564 3855 censuit
586 3786 749 3852 statuere
773 3799 818 3851 ac
840 3781 1053 3849 decernere.

505 3893 531 3961 l.
554 3892 648 3960 Tres
672 3888 970 3958 Cisterciensium
994 3887 1280 3973 Trappistarum
1316 3884 1583 3954 observantiae
1611 3885 1766 3956 Westa·

416 3997 619 4082 malensis,
644 3993 952 4083 septemfontium
977 3997 1012 4062 et
1034 3991 1344 4078 Mellereseensis,
1365 4009 1485 4060 unum
1509 3991 1670 4077 posthac
1685 3997 1766 4062 tan-

415 4111 496 4176 tum
521 4105 699 4174 Ordinem
722 4101 946 4171 constituent
968 4099 1041 4170 sub
1065 4099 1178 4167 unius
1203 4098 1413 4186 Superioris
1438 4097 1629 4186 regimine.

506 4213 547 4280 ll.
571 4212 674 4280 Haec
698 4208 942 4296 Congregatio
966 4207 1100 4276 existet
1122 4211 1326 4275 autonoma
1351 4205 1424 4274 sub
1450 4205 1563 4274 unius
1579 4205 1769 4291 Apostoli·

416 4339 484 4390 cae
507 4318 616 4390 Sedis
638 4313 906 4403 dependentia,
933 4314 1047 4384 salvis
1070 4313 1216 4382 iuribus
1247 4313 1530 4382 ordinariorum
1564 4309 1764 4400 locorum,

416 4427 522 4496 iuxta
544 4423 831 4495 constitutiones
855 4421 1090 4508 Apostolieas
1113 4426 1149 4490 et
1172 4419 1335 4488 Instituti.

506 4533 564 4601 ΙΙΙ.
599 4533 746 4600 Nomen
783 4529 816 4598 ei
850 4529 938 4597 erit:
974 4527 1075 4596 Ordo
1113 4523 1407 4596 cisterciensium
1442 4523 1767 4613 Reformatorem

417 4641 464 4708 B.
495 4635 645 4708 Mariae
680 4635 726 4705 cle
764 4637 942 4724 Trappa;
973 4640 1009 4705 et
1042 4633 1221 4721 Superior
1253 4631 1445 4702 Generalis
1480 4621 1770 4718 nuncupabitur
