3694 5230
367 277 427 340 224
932 291 1141 337 cananaeos.

367 392 521 495 privata
543 392 705 494 epistola
733 392 957 494 scripserat:
990 392 1028 468 id
1058 391 1166 492 quasi
1185 391 1415 494 impossibile
1434 417 1538 485 esse,
1570 392 1716 494 eoquod

366 535 547 616 personae
575 536 755 614 agrorum
782 511 938 588 illorum
966 536 1042 589 non
1071 516 1208 614 petunt
1236 511 1445 588 tribunalia
1477 511 1554 587 nisi
1582 513 1624 588 vi
1651 537 1717 590 co-

368 635 488 709 actae.
520 633 681 710 Demum
709 630 770 708 die
798 632 823 710 9
852 633 987 709 Martii
1014 633 1182 740 eiusdem
1210 633 1301 709 anni
1329 633 1523 708 sententia
1549 631 1630 708 lata
1653 643 1716 710 est

368 754 483 832 huius
514 757 676 832 tenoris:
711 753 968 830 ‹Iudicamus
997 777 1073 830 non
1103 755 1278 830 constare
1305 751 1349 829 de
1377 752 1558 830 nullitate
1577 753 1718 830 matri-

368 876 501 968 monii,
533 875 636 952 inter
663 873 879 978 praefatum
907 872 1172 951 Desideratum
1200 875 1240 948 et
1260 873 1425 950 Mariam
1453 873 1542 950 initi
1563 904 1600 950 ».

449 996 508 1073 Ab
535 996 606 1072 hac
635 994 828 1072 sententia
855 993 1061 1099 appellatio
1089 992 1135 1068 ad
1155 993 1195 1070 S.
1213 992 1260 1071 G.
1279 993 1325 1071 O.
1352 997 1519 1097 tempore
1543 994 1632 1071 utili
1652 994 1716 1072 in-

369 1117 554 1218 terposita
582 1114 680 1208 fuit,
712 1114 899 1217 simulque
927 1113 1053 1219 aviri
1082 1116 1240 1215 patrono
1268 1112 1435 1190 adiectae
1462 1116 1555 1190 su'nt
1581 1139 1715 1218 preces

369 1237 552 1341 Supremo
581 1235 768 1338 Principi,
801 1259 868 1337 pro
895 1233 1176 1336 dispensatione
1204 1233 1408 1310 obtinenda
1426 1260 1449 1310 a
1468 1235 1714 1313 matrimonio

369 1361 453 1462 rato
481 1359 520 1432 et
548 1380 624 1432 non
651 1360 926 1432 consummato.
967 1352 1284 1456 Arohiepisoopns
1312 1359 1439 1430 autem
1468 1353 1566 1431 nno
1593 1355 1717 1432 Prae-

369 1476 469 1553 fecto
497 1475 757 1580 significabat:
793 1503 812 1548 ‹
836 1476 922 1552 Ideo
937 1475 1049 1551 enixe
1069 1499 1267 1578 precamur
1285 1477 1329 1550 ut
1348 1473 1387 1550 8.
1411 1473 1714 1576 Congregationi

370 1596 556 1692 Concilii,
587 1597 649 1675 cui
677 1621 828 1700 praees,
865 1621 1082 1700 processum
1108 1595 1153 1670 de
1180 1619 1252 1697 quo
1280 1594 1410 1696 agitur
1437 1594 1606 1672 revidere
1634 1621 1714 1674 non

350 1735 488 1820 ‘grave
511 1716 578 1811 sit,
609 1721 648 1794 et
668 1717 700 1793 si
720 1714 858 1793 iudicio
877 1715 1025 1819 prolato
1044 1715 1223 1794 standum
1242 1715 1308 1809 sit,
1341 1717 1385 1790 ut
1404 1715 1597 1792 Sanctitas
1617 1716 1711 1812 Sua,

369 1863 455 1916 cum
484 1838 612 1940 sponsi
648 1861 725 1914 non
759 1836 908 1940 possint
940 1835 1177 1914 reconciliari
1212 1840 1250 1912 et
1282 1834 1529 1912 Desideratus
1555 1837 1715 1914 Lemort

370 1959 411 2034 in
439 1957 606 2060 periculo
634 1957 778 2061 peccati
806 1961 846 2033 et
873 1956 1130 2033 damnationis
1157 1959 1354 2049 versetur,
1391 1955 1715 2060 dispensationem

370 2101 483 2180 super
510 2078 754 2155 matrimonio
784 2080 867 2154 rato
895 2080 934 2152 et
954 2101 1033 2153 non
1051 2078 1312 2152 consummato
1328 2076 1490 2178 benigne
1511 2075 1718 2154 concedere

369 2197 550 2300 dignetur
568 2222 578 2290 ;
610 2198 766 2300 insuper
784 2201 828 2274 ut
847 2196 1099 2291 haecomnia,
1131 2198 1283 2274 attenta
1300 2196 1462 2272 oratoris
1481 2196 1714 2290 conditione,

370 2317 492 2422 gratis
521 2318 642 2413 fiant,
682 2321 726 2394 ut
754 2317 837 2392 fieri
865 2315 963 2393 solet
991 2317 1032 2393 in
1060 2316 1184 2393 causis
1211 2340 1479 2419 pauperum».
1524 2317 1627 2393 Hine
1653 2317 1718 2393 die

370 2437 395 2516 7
423 2437 519 2514 Maii
551 2436 669 2532 1891,
704 2436 934 2539 rescriptum
967 2437 1126 2540 prodiit:
1161 2436 1494 2540 ‹Arcbi'eprscopo
1527 2435 1717 2513 Camera-

370 2585 452 2636 cen.
484 2566 553 2659 qui
577 2558 861 2634 subsidiariam
882 2564 1110 2660 petitionem
1141 2583 1219 2660 pro
1248 2557 1535 2660 dispensatione
1573 2583 1597 2631 α
1627 2583 1718 2634 mo-

371 2685 553 2754 trimoeio
582 2690 667 2754 rato
697 2690 733 2752 et
758 2703 840 2753 oon
869 2689 1141 2754 consummitate
1170 2685 1212 2752 ia
1231 2685 1384 2782 arripitis
1412 2680 1459 2754 ab
1481 2689 1609 2754 actore
1629 2704 1718 2754 corr-

368 2783 436 2901 fiei
460 2810 567 2874 curet
593 2823 756 2899 eumque
784 2798 838 2874 ed
863 2798 907 2873 S.
934 2795 976 2874 C.
1003 2795 1045 2874 C.
1079 2804 1280 2874 tramsmitt
1308 2811 1379 2874 t».
1410 2799 1557 2875 Morem
1576 2799 1715 2876 statim

370 2918 490 3020 gessit
516 2916 789 3020 Archipraesul
816 2921 856 2993 et
883 2917 1109 3022 petitionem
1146 2918 1191 2993 ab
1218 2921 1344 2994 actore
1372 2921 1569 2993 exaratam
1598 2917 1639 2993 S.
1663 2917 1711 2996 C.

370 3037 576 3140 ablegavit.
617 3037 761 3125 Quibus
798 3037 970 3114 omnibus
1002 3037 1134 3114 relatis
1168 3039 1208 3114 in
1240 3037 1435 3115 audientia
1466 3035 1540 3112 diei
1572 3034 1717 3114 1511-

370 3159 425 3234 nii
448 3155 565 3251 1891,
589 3156 728 3234 8811113
756 3157 805 3234 D.
829 3158 879 3234 N.
901 3157 1064 3261 benigne
1082 3157 1302 3267 811111,111
1321 3181 1435 3234 causa
1462 3157 1715 3252 oeconomice,

369 3283 414 3355 ut
433 3278 558 3372 aiunt,
581 3282 852 3381 proponeretur
870 3302 958 3354 cum
984 3281 1086 3355 votis
1118 3278 1378 3355 consultorum
1406 3283 1445 3354 et
1473 3277 1719 3354 animadver-

371 3399 537 3476 sionibus
565 3397 774 3475 defensoris
803 3398 1052 3476 matrimonii.

748 3586 1036 3670 Disceptatio
1062 3584 1326 3671 synoptico.

452 3756 594 3836 Voruu
630 3759 892 3838 Cnvomsrsn.
938 3757 1118 3844 Quaestio
1160 3759 1368 3861 sapientiae
1404 3758 1717 3836 Eminentiarum

370 3882 588 3956 vestrarum
625 3877 838 3957 definienda
865 3879 1089 3972 subiicitur,
1130 3905 1224 3981 quae
1256 3880 1478 3956 necessariis
1507 3883 1613 3956 earet
1640 3879 1720 3955 ele-

371 4001 525 4094 mentis,
545 3999 642 4076 unde
661 3997 844 4075 iudicium
876 4001 1023 4073 certum
1042 3999 1275 4076 efformetur.
1298 3999 1543 4076 Desideratus
1559 4000 1718 4076 Lemort

370 4119 488 4196 inivit
525 4119 811 4196 matrimonium
850 4142 936 4194 oum
968 4119 1094 4196 Maria
1130 4121 1356 4223 Dennequin
1397 4121 1457 4197 die
1495 4119 1722 4198 8Novem-

369 4239 447 4316 bris
479 4239 581 4320 1886
610 4238 657 4316 ad
682 4238 843 4315 formam
864 4238 1026 4317 Concilii
1046 4239 1275 4316 Tridentini.
1308 4241 1353 4317 ln
1373 4239 1493 4343 primo
1512 4240 1719 4318 concubitu

371 4361 433 4436 vir
461 4361 612 4438 invenit
640 4357 839 4435 mulierem
877 4358 1125 4462 impotentiae
1153 4359 1421 4463 impedimento
1454 4360 1715 4452 laborantem,

371 4484 411 4557 et
439 4481 612 4581 quamvis
642 4479 682 4555 in
707 4503 835 4555 mense
854 4479 1146 4556 cohabitationis
1174 4480 1386 4558 tentaverit
1402 4479 1593 4584 copulam,
1617 4503 1719 4557 nnn-

371 4623 498 4703 quam,
540 4603 584 4675 ut
615 4599 695 4702 ipse
727 4599 798 4693 ait,
840 4600 1126 4676 matrimonium
1164 4602 1290 4703 potuit
1326 4603 1596 4680 consummari.
1642 4601 1717 4680 Vir
