3672 5216
623 259 777 306 rmsrom
799 261 980 306 rucvcues
1412 245 1469 307 135

133 361 237 430 Pauli
261 363 426 450 Apostoli
453 363 705 432 meminerint:
733 361 851 430 Νεηῑο
875 361 1038 432 militans
1065 361 1155 448 Dee,
1176 361 1340 452 implicat
1356 383 1393 431 se
1409 383 1469 432 ne-

130 467 238 558 gotiis
269 469 545 538 soecularibus:
577 475 618 538 ut
641 470 676 540 ei
702 469 871 559 plueret,
906 471 967 538 eui
997 491 1035 538 se
1063 470 1241 560 producit
1265 470 1320 556 (1).
1353 473 1467 558 Certe,

121 581 364 649 ‘exteriorum
388 579 671 666 providentiam,
690 584 864 648 monente
888 579 923 648 S.
942 580 1122 668 Gregorio
1138 581 1286 668 Magno,
1312 580 1346 648 in
1365 581 1470 650 inter-

133 705 266 754 norum
292 685 537 754 sollicitudine
562 690 706 756 rectum
730 691 885 755 estnon
910 686 1139 774 relinquere:
1172 687 1468 774 nominatimque

132 811 250 881 curum
274 794 321 862 de
346 793 521 882 religione
547 794 688 862 tuenda
711 799 776 862 aut
800 795 846 862 de
870 797 1065 865 communi
1101 795 1200 863 hono
1225 796 1467 883 provehendo

132 901 273 988 agitur,
298 921 373 970 non
399 907 486 972 sunt
509 899 673 989 proiecto
698 921 743 970 ea
767 902 990 990 negligenda
1024 897 1211 990 praesidia
1234 907 1345 990 atque
1369 903 1469 972 ediu-

133 1015 258 1079 menta
281 1029 379 1098 spirae
404 1015 554 1095 tempus
579 1009 637 1076 vel
661 1008 767 1076 loeus
784 1007 925 1077 afferat.
951 1009 1108 1077 Summa
1128 1016 1252 1077 tamen
1270 1009 1463 1096 prudentia

134 1117 392 1206 vigilantiaque
416 1133 513 1202 opus
529 1121 593 1200 est,
612 1134 658 1182 ne
682 1115 820 1183 scilieet
840 1115 1060 1200 gravitatem
1085 1115 1317 1202 modumque
1340 1117 1469 1184 transi-

131 1227 217 1295 liant
240 1225 335 1294 sacri
361 1224 502 1292 ordinis
528 1224 604 1307 viri,
630 1227 665 1291 et
688 1223 815 1291 minus
843 1223 910 1309 ipsi
944 1223 1118 1292 caelestia
1152 1243 1267 1310 quam
1299 1224 1467 1291 humana

132 1352 265 1401 curare
291 1331 496 1402 videantur.
535 1331 736 1418 Aptissime
771 1331 869 1399 idem
896 1331 1100 1418 Gregorius
1124 1334 1190 1400 M.:
1218 1331 1495 1428 «saecularia
1589 1423 1593 1434 Ι

134 1441 291 1527 «itaque
327 1440 475 1527 negotia
509 1438 710 1526 aliquando
747 1457 795 1507 ex
830 1440 1094 1526 compassione
1131 1438 1328 1508 toleranda
1362 1447 1465 1526 suut,

133 1565 364 1634 «nunquam
389 1565 478 1614 vero
503 1564 551 1613 ex
575 1564 706 1614 aurore
731 1547 972 1634 requirenda:
1009 1566 1056 1616 ne
1082 1565 1172 1616 cum
1203 1553 1367 1614 mentem
1393 1545 1468 1612 dili·

132 1655 287 1742 «gentis
310 1657 531 1741 aggravant,
549 1653 646 1721 hane
662 1673 733 1722 suo
750 1655 886 1722 victam
903 1655 1069 1741 pondere
1086 1654 1133 1722 ad
1151 1654 1227 1722 ima
1243 1653 1290 1722 de
1306 1652 1467 1721 caelesti-

132 1765 238 1832 «hus
262 1769 469 1850 mergant»
498 1761 559 1846 (2)..
578 1801 622 1809 -
648 1763 738 1831 lllud
770 1764 880 1832 etiam
914 1763 1102 1848 votunms,
1135 1761 1288 1830 excitari
1312 1779 1335 1828 a
1360 1761 1466 1829 vohis

129 1871 191 1958 qui
215 1872 329 1939 curiis
355 1876 543 1958 praesunt,
570 1876 610 1939 ut
633 1870 878 1940 ecelesiarum
903 1891 1060 1939 suarum
1085 1868 1271 1959 peculium
1294 1869 1465 1957 religiose

128 1978 340 2048 custodiant
364 1977 718 2065 diligentissimeque
735 1979 1009 2048 administrent:
1036 1978 1067 2046 si
1083 1997 1159 2065 equa
1182 1995 1273 2044 vero
1290 1981 1325 2044 et
1340 1976 1463 2044 hoc-in

127 2104 266 2172 genere
291 2087 418 2152 minus
441 2089 543 2153 recta
567 2085 779 2172 insederint,
805 2105 875 2154 vos
892 2086 976 2154 item
994 2103 1122 2174 aptam
1140 2085 1372 2153 curationem
1396 2104 1464 2170 pro

128 2211 286 2261 munere
310 2193 518 2261 admovete.
534 2227 580 2240 -
596 2193 794 2262 Praeterea
828 2192 936 2261 valde
961 2199 1217 2280 opportunum
1251 2211 1462 2273 censemus,

128 2300 338 2368 studiosam
364 2320 387 2368 a
410 2299 514 2368 Clero
539 2298 696 2368 conferri
722 2319 865 2384 curam,
891 2307 931 2369 ut
954 2320 1051 2388 quae
1077 2302 1155 2370 istie
1179 2307 1267 2369 sunt
1289 2299 1464 2370 Sodalita-

127 2417 181 2475 tes
205 2427 274 2475 sen
300 2406 626 2476 Conlraternitates
651 2407 766 2482 laicae
791 2408 826 2476 in
852 2409 1048 2495 pristinum
1077 2409 1195 2478 decus
1224 2407 1462 2476 revirescant.

125 2517 269 2602 Nempe
294 2515 340 2582 de
365 2535 411 2584 ea
433 2535 474 2584 re
498 2517 629 2603 agitur,
658 2534 755 2604 quae
780 2535 854 2584 non
880 2517 1006 2584 minus
1041 2517 1264 2586 earumdem
1288 2513 1463 2585 Sodalita-

123 2629 213 2710 tum,
240 2642 358 2711 quam
382 2623 573 2710 publicum
599 2629 739 2712 spectet
764 2624 950 2712 religionis
974 2625 1127 2694 hmium.
1153 2627 1201 2694 Ut
1224 2625 1323 2692 enim
1340 2627 1461 2691 cetera

123 2732 352 2810 omittamus
380 2729 584 2817 plurimum
611 2751 702 2800 sune
727 2732 931 2802 adiumenti
956 2733 1063 2801 vohis
1080 2732 1255 2820 cleroque
1273 2735 1397 2800 vestro
1417 2741 1463 2798 ta-

124 2837 170 2905 lia
194 2837 372 2907 Sodalitia
398 2837 533 2906 afferre
565 2845 725 2926 possunt
752 2860 870 2928 quum
902 2841 938 2908 in
970 2841 1177 2909 excolendo
1201 2841 1249 2908 ad
1274 2839 1458 2927 pietatem,

121 2947 169 3014 ad
194 2947 439 3014 christianam
465 2947 578 3014 vitiam
603 2947 763 3033 populo,
790 2953 868 3016 tum
896 2949 1007 3017 etium
1031 2949 1066 3016 in
1090 2947 1277 3015 firmanda
1306 2945 1460 3014 salutari

120 3053 191 3136 illa,
216 3072 334 3140 quam
359 3059 552 3142 tantopere
577 3055 799 3143 expetimus,
817 3057 1032 3125 animorum
1050 3055 1361 3142 voluntatumque
1378 3070 1461 3122 con·

122 3179 310 3228 sensione.

210 3269 373 3335 Domum
405 3268 520 3336 detis
551 3270 745 3354 omnihus,
777 3291 876 3358 quae
909 3271 967 3341 vel
998 3271 1047 3340 ad
1076 3272 1264 3360 religionis
1298 3270 1459 3358 fideique

118 3374 242 3443 avitae
267 3374 430 3460 tutelam,
457 3376 515 3443 vel
539 3376 587 3445 ad
613 3377 865 3446 institutorum
889 3379 1059 3448 catholici
1076 3381 1238 3448 nominis
1256 3381 1460 3449 ineremen-

120 3488 210 3563 tum,
229 3482 289 3550 vel
303 3482 415 3551 etiam
432 3481 480 3550 ad
497 3481 591 3550 Cleri
606 3484 799 3570 utriusque
816 3485 1049 3573 disciplinam
1065 3487 1258 3573 pertinent,
1275 3487 1459 3573 optimum

116 3608 209 3656 sane
235 3587 610 3676 saluberrimumque
634 3589 713 3660 fore
729 3593 965 3678 arbitramur,
984 3593 1227 3666 venerabiles
1252 3596 1409 3679 Fratres,
1427 3595 1459 3664 si

117 3695 275 3764 consilia
297 3694 496 3765 identidem
514 3697 608 3765 inter
635 3718 702 3766 vos
718 3697 887 3768 eorderre
904 3701 1186 3787 consueveritis,
1205 3720 1250 3770 ea
1266 3705 1457 3770 communi

118 3801 253 3870 iudicio
278 3803 472 3890 decreturi,
497 3824 595 3892 quae
621 3806 680 3874 vel
705 3808 919 3876 necessaria
945 3808 1002 3877 vel
1028 3808 1152 3896 magis
1176 3818 1388 3896 opportuna
1411 3810 1459 3877 di·

116 3909 334 3996 gnoveritis.

206 4019 393 4086 Futurum
409 4017 637 4088 confidimus
652 4025 691 4089 ut
707 4022 871 4091 universi
888 4042 937 4092 ex
950 4023 1146 4110 Hungaria
1159 4023 1327 4093 catholici
1343 4025 1458 4092 homi-

118 4143 202 4212 nes,
226 4130 306 4194 tam
330 4123 439 4212 plenu
464 4127 615 4214 periculi
642 4147 771 4197 rerum
795 4149 952 4199 suarum
984 4131 1217 4201 inclinatione
1248 4137 1454 4218 perspecta,

116 4245 228 4320 rueme
253 4233 288 4300 in
314 4234 374 4302 his
397 4234 594 4322 omnihus,
619 4237 918 4326 (praediximus,
944 4243 1122 4326 paternae
1146 4241 1304 4309 Nostrae
1328 4241 1457 4310 sollici·

116 4341 254 4409 tudinis
279 4340 653 4432 studiosissimacque
677 4364 768 4432 erga
791 4345 894 4432 ipsos
919 4346 1118 4416 voluntatis
1134 4348 1385 4418 testimonium
1404 4369 1457 4418 re-

177 4503 212 4558 (1)
229 4503 267 4547 ll.
287 4503 354 4548 Tim.
374 4503 412 4560 11,
428 4504 451 4548 4.

178 4581 213 4638 (2)
230 4583 295 4639 Bag.
316 4583 423 4630 Pastor.
443 4595 466 4641 p.
486 4585 522 4640 ΙΙ,
541 4597 565 4633 c.
584 4586 643 4632 Vll.
