3674 5264
353 274 394 340 76'
942 263 1100 346 ¹urrunnu

353 396 538 484 protectae
563 417 709 467 merces
734 419 848 486 saepe
872 399 1006 468 eodem
1031 401 1222 472 confluant
1245 407 1448 470 utranam
1474 409 1568 488 eant,
1593 411 1693 472 certe

353 503 491 572 modus
515 509 550 573 et
572 505 657 591 finis
682 505 799 576 labori
828 506 1004 594 opiticum
1033 509 1167 578 alicubi
1198 508 1449 596 praescriptus
1479 508 1623 580 fructus
1646 510 1695 578 in·

259 647 273 688 s
350 611 517 680 dustriae
542 613 765 700 proveheret
788 613 938 683 alterius
962 616 1081 702 gentis
1104 617 1140 682 in
1164 616 1316 686 alterius
1340 616 1551 704 perniciem.
1645 637 1651 649 ¹

444 719 566 787 Hasce
589 719 756 806 aliasque
780 720 816 787 id
840 739 961 808 genus
985 721 1218 792 difficultates
1241 722 1321 792 sola
1345 723 1473 810 nequit
1494 721 1694 811 intringere

355 823 447 911 legis
472 825 673 896 humanae.
691 828 756 895 ris.
791 828 895 894 Vinci
921 828 1003 897 illae
1033 829 1189 898 demum
1219 835 1254 898 et
1277 828 1424 917 infringi
1454 835 1637 916 poterunt,
1663 830 1694 908 si

240 977 244 985 -
352 931 624 1002 christianade
649 935 818 1004 moribus
842 935 1033 1022 disciplina
1059 938 1199 1024 passim
1230 941 1385 1024 excepta
1411 936 1599 1004 mentibus
1624 935 1695 1004 late

353 1035 529 1122 floruerit,
562 1039 810 1127 hominesque
834 1047 941 1110 actus
972 1061 1064 1112 suos
1088 1043 1135 1112 ad
1165 1061 1341 1112 normam
1371 1042 1563 1130 exegerint
1585 1043 1698 1110 docu-

353 1149 566 1213 mentorum
591 1147 788 1216 Ecclesiae.
815 1149 918 1228 Quae
945 1147 975 1217 si
1001 1151 1287 1236 praecesserint,
1313 1151 1511 1218 commode
1543 1149 1696 1217 accedet

339 1252 402 1331 xad
437 1271 679 1344 communem
711 1253 870 1322 salutem
902 1273 1062 1326 concors
1092 1240 1255 1326 adiutrix
1287 1255 1575 1344 legumlatorum
1611 1274 1697 1354 pru·

354 1358 476 1426 dentia
501 1365 536 1426 ct
558 1361 738 1446 omnium,
764 1362 901 1448 quilius
924 1382 1096 1450 quaeque
1121 1383 1214 1451 gens
1238 1364 1359 1451 pollet,
1382 1364 1518 1430 virium
1542 1361 1695 1431 actuosa

355 1464 563 1550 explicatio.

443 1572 522 1640 Tibi
546 1591 646 1660 reru,
672 1574 802 1643 dilecte
834 1576 907 1654 Fili,
931 1578 995 1663 qiu
1019 1578 1139 1646 studio
1170 1577 1402 1645 inflammato
1431 1577 1529 1644 vires
1561 1575 1697 1663 ingenii

353 1697 587 1766 operamque
619 1699 770 1751 omnem
797 1689 832 1751 et
862 1684 1084 1753 industriam
1109 1703 1154 1754 eo
1182 1683 1343 1770 confers,
1369 1690 1409 1752 ut
1437 1700 1596 1769 scopum
1620 1685 1698 1750 tam

356 1787 518 1855 nobilem
542 1789 694 1875 assequi
718 1789 832 1875 liccat,
858 1791 928 1858 lroc
953 1791 1232 1876 benevolentiae
1258 1793 1413 1858 Nostrae
1445 1787 1699 1858 testimonium

311 1943 313 1952 .
356 1893 482 1980 palam
507 1895 689 1979 praebere
713 1897 912 1980 voluimus
937 1904 1035 1965 certa
1060 1916 1128 1984 spe
1151 1897 1250 1966 ducti
1279 1899 1330 1966 Te
1354 1904 1507 1967 strenue
1531 1898 1699 1984 perstitu-

358 2019 446 2068 rum
472 2000 507 2067 in
532 2001 701 2088 inceptis,
727 2003 860 2072 sedulo
885 2004 1122 2090 adnitentem,
1148 2012 1187 2072 ut
1210 2004 1319 2073 latius
1343 2004 1377 2071 in
1403 2005 1482 2073 dies
1512 2003 1701 2072 doctrinae

354 2106 553 2194 vulgentur
570 2115 605 2176 et
621 2109 849 2178 invalescant
863 2112 1020 2180 traditae
1038 2112 1071 2178 in
1086 2111 1332 2192 documentis,
1348 2130 1445 2197 quate
1459 2109 1506 2180 ad
1520 2109 1701 2178 levandas

355 2197 581 2283 miserorum
606 2236 811 2286 aerumnas
833 2217 1146 2305 firmandamque
1170 2218 1347 2287 socialem
1372 2219 1542 2286 ordinem
1563 2217 1611 2285 al)
1628 2217 1700 2285 hac

354 2325 566 2412 Apostolica
591 2323 695 2393 Sede.
718 2325 899 2412 prodiere.
932 2325 1051 2393 Divini
1088 2327 1226 2394 interea
1251 2325 1442 2412 auspicem
1468 2323 1607 2392 tatoris
1635 2323 1700 2409 qui

299 2471 302 2476 ·
351 2434 549 2527 conatibus
562 2435 633 2502 tuis
650 2435 841 2506 secandus
854 2436 1026 2521 adspiret,
1041 2435 1292 2522 Aprostolicam
1307 2433 1601 2503 benedictionem
1615 2432 1696 2502 Tibi

356 2543 503 2628 tuisque
529 2547 766 2627 peramanter
790 2543 1035 2628 impertimus.

442 2653 579 2719 Datum
604 2653 748 2719 Romae
765 2651 866 2736 apud
888 2651 923 2718 S.
941 2651 1090 2719 Petrum
1110 2651 1169 2719 die
1185 2651 1234 2718 t'l
1252 2651 1398 2718 mensis¹
1411 2648 1569 2736 Augusti
1590 2649 1701 2714 Anno

353 2755 637 2838 MDCCCXClll.

444 2861 686 2930 Pontificatus
710 2863 833 2929 Nostri
858 2862 1003 2929 decima
1029 2869 1150 2930 sexto.

877 3037 967 3106 LEO
992 3038 1061 3104 PP.
1085 3039 1182 3105 XIII.

356 3375 524 3431 ιΙΠΕΒΑΕ
543 3373 633 3432 ssal.
654 3376 681 3432 a.
698 3377 728 3432 a.
742 3375 839 3432 teonis
858 3377 912 3432 ΧΙΙΙ
933 3380 966 3432 at
986 3377 1086 3433 Enna.
1099 3376 1190 3444 tecet,
1205 3373 1453 3444 antiepiscopum
1466 3373 1703 3444 satrianensem,

427 3466 527 3533 quitus
551 3467 652 3534 flaura
674 3467 744 3533 quoti
773 3466 861 3535 napis
887 3465 1131 3538 invalescitapud
1158 3464 1252 3520 Gallos
1271 3464 1389 3520 studium
1414 3463 1604 3522 conciliandae
1624 3463 1702 3530 pacis

430 3556 463 3610 et
481 3555 657 3610 concordiae.

409 3750 548 3819 Dilecta
573 3750 642 3819 Fili
666 3752 817 3835 litatcr,
837 3751 995 3820 salntem
1020 3756 1056 3818 ct
1079 3747 1332 3836 apostolicum
1357 3745 1650 3816 berzcdictr'oacnr.

453 3911 587 3978 Graiae
614 3910 855 3979 veliementer
871 3909 985 3976 Nobis
1010 3908 1147 3975 litterae
1173 3907 1372 3975 extiterunt
1387 3925 1483 3992 quas
1499 3906 1557 3974 die
1573 3905 1700 3972 XXVI

358 4017 565 4105 superioris
590 4018 732 4086 mensis
756 4016 832 4084 Iulii
858 4017 905 4084 ad
929 4017 1006 4083 Nos
1029 4011 1178 4095 dedisti;
1203 4031 1346 4082 norum
1368 4014 1466 4082 enim
1492 4012 1702 4098 praetulere

361 4130 628 4212 argumentum
653 4107 738 4192 tuae
756 4142 843 4210 erga
864 4125 942 4190 Nos
955 4121 1164 4206 voluntatis,
1183 4129 1218 4189 et
1232 4121 1496 4209 sollicitudinis,
1515 4139 1587 4206 qua
1606 4119 1705 4187 duas

359 4249 497 4300 causas
523 4231 765 4318 prosequeris
789 4249 886 4317 quae
910 4230 1026 4298 Nobis
1050 4229 1217 4312 maxime
1241 4227 1344 4296 cordi
1367 4233 1462 4312 sunt,
1481 4227 1620 4314 qnippe
1638 4227 1707 4293 Re·

359 4337 504 4424 ligionis
528 4344 564 4405 et
588 4338 749 4406 Gallicae
773 4337 892 4425 gentis
917 4338 1060 4404 honum
1095 4337 1307 4422 respiciunt.
1332 4335 1431 4404 Sane
1455 4353 1504 4404 ex
1527 4336 1705 4402 accurata

360 4443 619 4531 descriptione,
633 4464 707 4531 qua
731 4449 968 4530 praesentem
995 4443 1099 4511 istius
1124 4443 1285 4530 regionis
1309 4447 1446 4512 statum
1470 4441 1586 4509 Nobis
1603 4441 1708 4510 exhi·

361 4551 480 4638 haisti,
505 4550 729 4637 perlibenter
753 4551 979 4639 agnovimus
1002 4550 1038 4616 in
1064 4550 1143 4619 dies
1167 4549 1289 4636 magis
1319 4548 1549 4618 invalescere
1581 4545 1706 4614 studia
