3650 5242
323 306 380 378 lll
928 325 1049 380 msam

322 438 432 540 quod,
463 463 512 514 ex
531 437 696 515 eiusdem
726 431 1008 541 archiepiscopi
1038 441 1077 514 et
1097 434 1312 513 Definitorii
1340 459 1540 530 consensu,
1570 435 1660 512 reli-

322 561 447 661 giosae
475 559 723 636 aedificarunt
752 559 969 662 Hospitium
998 557 1096 660 apud
1125 556 1426 649 Monasterium,
1458 581 1525 660 pro
1554 556 1660 634 hatri-

322 680 468 757 tatione
496 679 687 756 llinorum
717 679 1027 756 Observantium.
1069 679 1138 754 His
1166 702 1310 780 quoque
1339 677 1549 756 addendum
1577 703 1659 754 esse

321 801 416 902 quod
446 800 562 878 Pater
591 800 700 878 Baldi
731 827 796 902 per
823 806 902 876 tres
931 824 1050 876 annos
1078 825 1164 877 cum
1193 799 1347 875 dimidio
1375 796 1539 883 officium
1560 799 1660 876 eius-

323 923 420 999 modi
450 921 505 998 ita
533 921 764 1024 impleverit,
789 926 832 997 ut
851 945 980 998 omnes
1001 919 1221 1020 Religiosae
1243 920 1352 1022 plene
1380 919 1655 1020 acquieverint.

402 1042 728 1120 Animadvertunt
757 1046 951 1144 praeterea
981 1041 1218 1142 lteligiosae,
1252 1041 1422 1144 proprias
1460 1043 1661 1120 Constitu-

323 1165 444 1242 tiones
473 1161 570 1256 haud
603 1162 797 1266 prohibere
825 1162 1026 1263 quominus
1064 1161 1317 1238 confessarius
1346 1162 1444 1237 site
1473 1161 1573 1238 clerc
1601 1187 1661 1238 re-

323 1286 463 1388 gulari,
495 1281 557 1361 sed
583 1287 734 1359 tantum
755 1282 951 1384 disponere
971 1283 1066 1384 quel
1088 1286 1196 1384 pater
1215 1280 1429 1384 spiritualis
1448 1281 1500 1357 sit
1518 1307 1539 1359 e
1558 1282 1660 1358 clero

258 1455 265 1464 =
322 1406 530 1500 saeculari,
562 1403 813 1481 confessarius
843 1427 933 1482 vero
963 1404 1214 1504 inquantum
1247 1403 1344 1478 fieri*
1364 1403 1497 1506 possit.
1544 1404 1660 1479 Patet

322 1553 426 1630 erge,
459 1525 629 1628 regulam
660 1524 759 1600 haud
785 1525 993 1600 absolutam
1014 1549 1093 1599 esse
1115 1549 1179 1625 pro
1199 1523 1441 1618 confessariO,
1465 1522 1579 1599 sicuti
1600 1527 1659 1600 est

322 1674 389 1752 pro
418 1652 523 1750 patre
552 1644 766 1750 spirituali3
799 1651 838 1720 et
867 1671 906 1721 re
935 1645 1081 1746 quidem
1112 1670 1216 1738 vera,
1251 1651 1331 1721 tum
1353 1645 1392 1721 in
1414 1645 1541 1738 ltalia,
1575 1650 1658 1721 tum

322 1773 410 1850 alibi
439 1771 536 1878 apud
566 1770 760 1874 complura
788 1770 1022 1846 Monastnia
1040 1770 1179 1846 adsunt
1199 1770 1418 1846 confessarii
1444 1770 1655 1874 regulareS,

323 1896 354 1971 si
384 1892 588 1970 saecularis
616 1897 728 1994 aptus
756 1891 911 1994 reperiri
947 1890 1185 1992 nequiveritz'
1217 1895 1256 1967 et
1288 1891 1563 1967 Monasterium
1603 1891 1661 1994 pi-

323 2037 456 2091 sanum
486 2014 530 2089 ab
558 2036 657 2087 anno
690 2010 792 2087 1834
820 2010 951 2088 habuit
978 2013 1140 2112 quatuor
1168 2010 1415 2087 confessarios
1448 2011 1657 2113 regulares.

403 2133 572 2210 Gradum
602 2131 743 2208 faciens
772 2131 1028 2232 Superiorissa
1056 2130 1102 2206 ad
1122 2131 1419 2207 nominationem
1445 2133 1564 2234 patris
1584 2133 1663 2236 spi-

323 2253 489 2348 ritualia,
521 2256 696 2330 autumat
725 2251 839 2346 huuc,
864 2255 945 2328 tum
967 2252 1006 2342 vi
1030 2251 1348 2328 constitutionum
1368 2251 1657 2347 salesianarum,

323 2380 405 2453 tum
426 2376 463 2451 ri
484 2372 782 2467 consuetudinis,
804 2373 1019 2474 eligendum
1039 2397 1120 2450 esse
1139 2373 1183 2450 ab
1202 2373 1294 2476 ipsis
1315 2372 1524 2474 religiosis3
1548 2375 1660 2475 qnem'

260 2499 263 2505 ’
323 2502 499 2579 llntistes
526 2500 678 2603 probare
708 2501 875 2575 tenetur.
908 2495 1227 2575 Consuetudinem
1259 2497 1371 2590 hane,
1402 2497 1553 2592 adiecit,
1580 2525 1663 2574 ser-

323 2622 408 2700 vari
436 2621 533 2724 apud
566 2619 641 2698 170
671 2617 902 2695 monasteria
929 2644 953 2694 a
979 2618 1099 2694 tribus
1128 2643 1221 2721 pene
1241 2619 1400 2695 saeculis
1420 2644 1467 2694 ex
1487 2642 1559 2720 quo
1579 2621 1662 2696 exi-

324 2746 395 2822 stit
423 2741 701 2819 Salesianarum
731 2738 974 2832 Institutum,
1006 2743 1045 2815 et
1073 2740 1117 2816 ab
1135 2763 1235 2815 anno
1259 2738 1374 2836 1827,
1398 2765 1530 2842 nempe
1551 2767 1573 2816 a
1592 2766 1662 2817 sua

323 2865 559 2956 fundatione,
578 2861 724 2939 servari
739 2859 837 2962 apud
856 2859 1131 2936 Monasterium
1149 2860 1249 2936 Pisis
1269 2867 1450 2937 erectum.
1474 2859 1662 2937 Exhibuit

323 2989 370 3065 ad
403 2988 472 3064 hoo
499 2984 696 3061 elenchum
726 2986 876 3086 patrum
909 2983 1180 3086 spiritualium,
1212 3009 1235 3058 a
1263 2985 1422 3085 regestis
1441 2982 1657 3060 collectum.

322 3109 385 3189 Ex
415 3109 516 3185 hisce
544 3102 672 3206 colligi
702 3128 809 3206 posse
837 3103 1052 3196 videretur,
1084 3103 1326 3182 Ordinarium
1365 3105 1557 3210 imponere
1596 3133 1663 3184 ne.-

322 3229 429 3334 quire
472 3231 617 3331 patrem
659 3223 896 3328 spiritualem
927 3225 1134 3326 Religiosis
1163 3224 1396 3320 Salesianis,
1428 3227 1491 3329 qui
1520 3227 1660 3304 eisdem

325 3355 458 3454 gratus
487 3373 561 3425 non
590 3351 704 3437 esset,
735 3346 870 3447 quique
906 3371 1034 3449 pacem
1070 3346 1232 3444 coenobii
1266 3353 1305 3424 et
1339 3335 1661 3449 tranquillitatem

326 3471 580 3575 perturbaret.

404 3590 570 3667 Tandem
599 3591 718 3692 quoad
748 3591 901 3668 tertiam
928 3589 1165 3693 petitionem,
1188 3615 1253 3666 seu
1274 3592 1390 3692 quoad
1414 3591 1661 3669 remotionem

325 3709 468 3788 Vicarii
499 3712 685 3812 generalis
715 3711 758 3789 ab
777 3711 898 3788 officio
917 3711 1137 3788 confessarii
1156 3711 1337 3788 ordinarii
1358 3712 1659 3814 Religiosarum,

325 3831 521 3938 praemisit
549 3831 802 3936 Superiorissa
826 3832 1108 3935 dispositionem
1130 3832 1414 3910 constitutionis
1436 3833 1544 3928 XIX,
1567 3861 1663 3936 quac

325 3957 370 4031 de
398 3953 626 4032 confessario
654 3955 756 4055 agit:
792 3952 1048 4048 «sitleam,
1079 3953 1233 4049 dieitur,
1265 3953 1467 4048 scientiae,
1498 3959 1664 4059 pruden-

326 4075 417 4170 tiae,
448 4074 551 4150 ritae
579 4071 944 4176 irreprehensibiliS,
975 4071 1185 4166 discretus,
1218 4073 1423 4160 honestuS,
1455 4079 1658 4169 constans3

325 4195 383 4273 ita
409 4199 454 4271 ut
476 4194 685 4298 Episcopus
706 4197 744 4268 et
763 4196 871 4295 pater
890 4191 1355 4297 spiritualis,acquiescere
1374 4194 1530 4272 valeant
1549 4222 1664 4300 super

327 4319 409 4394 eius
438 4316 518 4393 zelo
546 4321 585 4392 et
608 4340 700 4391 cura
724 4314 842 4416 quoad
871 4315 1163 4392 moderationem
1203 4317 1456 4395 conscientiae
1494 4317 1664 4420 Religio-

328 4462 454 4516 sarum
474 4467 510 4513 ».
1320 4457 1322 4461 ·

407 4558 512 4647 Quod
542 4559 668 4633 autem
690 4553 867 4633 Vicarius
896 4555 1084 4658 generalis
1103 4560 1245 4650 carcat,
1277 4557 1350 4632 nisi
1378 4557 1564 4653 omnious,
1588 4557 1665 4636 sal·

329 4681 406 4762 tem
436 4677 724 4784 quamplurimis
752 4703 801 4756 ex
829 4674 960 4754 relatis
984 4679 1233 4774 ornamentis,
1255 4678 1354 4754 haud
1373 4677 1535 4756 dubitari
1556 4703 1663 4784 posse
