3674 5264
346 244 387 306 66
910 253 1074 298 nervuum
1100 253 1121 296 ι.

347 361 500 426 nimirum
525 355 667 421 infidelis
690 373 801 420 secum
827 353 1011 420 cohabitare
1038 351 1117 416 velit
1141 350 1263 436 absque
1288 354 1482 418 contumelia
1507 357 1690 422 creatoris:

265 453 269 464 ’
347 443 461 554 qnare;
485 464 512 530 si
537 461 676 528 infidelis
700 480 764 526 non
788 468 894 558 servat
918 455 1135 544 supradictam
1161 457 1392 541 conditionem,
1411 459 1592 526 adhlhendn
1613 473 1689 526 sunt

347 569 584 640 iurisremedie
602 568 639 632 ad
657 569 718 632 hoc
735 577 770 631 ul
788 585 857 630 eam
881 574 1015 628 servet:
1042 564 1116 628 elias
1140 563 1281 647 separari
1306 564 1428 632 debent
1446 571 1550 652 quoad
1579 582 1687 636 torum

349 689 381 746 et
405 677 688 754 cohabitationem,
714 692 778 737 non
804 683 911 742 tamen
935 670 1042 754 quoad
1071 670 1265 754 vinculum
1299 676 1449 755 quocirca
1480 674 1510 738 in
1541 695 1615 742 casn
1646 675 1690 740 de

349 806 413 872 quo
437 784 555 870 agitur,
580 781 719 868 coniuge
743 779 868 848 infideli
892 778 1080 864 superstite,
1108 795 1172 842 uon
1195 789 1306 862 potest
1332 778 1437 844 hdelis
1465 781 1503 846 ad
1533 782 1593 848 alia
1619 793 1690 847 vota

350 891 497 956 transire.
1009 939 1014 950 .

438 997 486 1063 hd
512 1001 544 1062 b.
571 999 751 1062 Conversus
775 994 813 1061 ad
840 993 953 1072 ladem,
981 991 1013 1056 in
1037 991 1106 1076 ipso
1123 991 1346 1057 conversionis
1363 1007 1529 1060 momento
1554 1015 1619 1062 non
1645 998 1693 1062 in-

346 1104 509 1190 telligitur
541 1102 665 1166 solutus
694 1124 709 1164 a
738 1100 868 1164 vincul'o
900 1098 1093 1164 matrimonii
1120 1117 1193 1162 curn
1218 1097 1357 1180 infideli,
1383 1100 1487 1166 adhuc
1515 1103 1691 1188 superstite

349 1199 513 1286 contracti,
539 1208 596 1274 sed
620 1219 696 1272 tunc
720 1206 858 1290 acquirit
884 1204 1109 1271 tantummodo
1127 1204 1175 1270 ius
1194 1206 1383 1272 transeundi
1400 1207 1439 1273 ad
1456 1207 1532 1274 alias
1549 1209 1689 1294 nuptias,

350 1336 423 1382 cum
448 1314 587 1400 coniuge
612 1325 720 1378 tamen
746 1312 849 1394 lideli,
876 1311 976 1395 idque
999 1311 1024 1376 si
1050 1311 1167 1376 coniux
1194 1311 1335 1376 infidelis
1359 1326 1474 1378 renuat
1496 1327 1570 1398 post
1594 1315 1693 1384 inter-

349 1421 560 1508 pellationem
593 1420 749 1486 converti.
786 1423 939 1486 Ceterum
966 1430 1042 1482 tuuc
1067 1418 1173 1482 solum
1204 1416 1347 1504 coniugii
1378 1419 1543 1486 vinculum
1577 1420 1691 1485 dissol-

349 1528 456 1612 vitur,
489 1515 633 1612 quando⁴
654 1525 772 1592 conius
804 1543 979 1592 conversus
1010 1535 1084 1590 ante
1120 1523 1361 1608 susceptionem
1394 1526 1544 1610 Baptismi
1578 1525 1693 1592 habeat

349 1636 460 1720 plures
485 1653 617 1716 uxores,
643 1643 676 1697 et
699 1633 801 1718 prima
826 1643 953 1698 recusat
977 1632 1128 1717 amplecti
1154 1631 1277 1696 lidemz
1309 1641 1384 1696 tunc
1413 1631 1560 1718 legitime
1585 1642 1694 1720 potest

350 1739 529 1825 quamlibet
560 1759 599 1804 ex
629 1741 692 1806 illis
726 1740 868 1805 retinere
905 1740 1083 1806 dummodo
1121 1739 1227 1804 fidelis
1260 1739 1330 1820 liat,
1362 1740 1419 1805 sed
1451 1740 1484 1804 in
1520 1739 1590 1810 hoc¹
1618 1759 1693 1804 casu

349 1846 576 1912 contrahentes
600 1859 749 1911 mutuum
777 1865 971 1912 consensum
1002 1865 1110 1910 coram
1139 1846 1281 1929 parocho
1310 1859 1342 1912 et
1373 1847 1508 1912 testibus
1533 1865 1693 1914 renovare

351 1953 484 2018 debent.
1309 1961 1312 1970 ⁴

686 2131 689 2138 ¹
788 2139 790 2148 ι
823 2135 1224 2158 ΜννννκΜΛΛΛΛΝννν

518 2295 548 2353 S.
569 2295 598 2352 t.
619 2297 648 2353 S.
670 2296 760 2352 otfiett
778 2297 818 2354 29
839 2298 893 2353 lan.
914 2295 995 2353 teos.
1025 2331 1048 2336 --
1065 2297 1128 2384 ylo.
1149 2298 1198 2366 hp.
1219 2297 1331 2353 liban-sl
1351 2299 1380 2355 el
1398 2297 1519 2354 chen-si.

496 2387 583 2443 buhle
605 2388 638 2443 de
658 2387 830 2443 malrlmonlo
850 2387 1019 2454 infidelium
1040 2387 1066 2442 ln
1087 2400 1139 2454 quo
1159 2387 1259 2442 muller
1277 2387 1389 2442 vendlle
1407 2386 1470 2442 lull.
1492 2388 1545 2444 ele.

441 2602 559 2668 Audito
585 2603 640 2667 Dei
664 2605 764 2667 verbo
789 2601 970 2686 aquodam
995 2601 1110 2688 gentili
1136 2601 1204 2685 qui,
1223 2615 1296 2686 post
1321 2601 1488 2666 venditam
1515 2601 1697 2686 legitimam

354 2727 504 2788 uxorem,
531 2709 664 2772 alteram
690 2707 796 2789 duxit,
822 2725 906 2772 nunc
933 2726 1007 2772 cum
1031 2727 1088 2770 sua
1112 2706 1184 2771 ficta
1209 2701 1311 2771 uvore
1333 2707 1415 2789 petit
1436 2707 1607 2791 hapitsna.
1627 2709 1697 2772 llis-

352 2814 509 2880 sionarius
534 2833 610 2877 earm
635 2812 746 2878 docuit
781 2813 960 2876 necessario
997 2830 1068 2875 esse
1100 2813 1280 2878 faciendam
1307 2813 1457 2878 venditae
1481 2813 1574 2878 uxori
1600 2814 1698 2879 inter-

353 2918 586 3003 pellationem;
615 2937 675 3002 qua
700 2917 779 2980 lacta
806 2915 950 3002 legitima
982 2937 1065 2983 uxor
1096 2919 1263 3003 respondit
1288 2922 1375 3004 quod
1407 2919 1697 2986 vehementissime

352 3035 503 3112 peroptat
527 3023 636 3090 redire
662 3023 700 3088 ad
724 3041 819 3087 suum
844 3023 986 3108 primum
1011 3023 1205 3110 coniugem5
1234 3026 1301 3111 ipsa
1325 3045 1478 3110 namque,
1505 3027 1632 3112 cognita
1651 3047 1699 3092 re-

355 3131 484 3218 ligionis
508 3131 698 3197 christianae
723 3129 871 3212 veritate,
891 3131 1017 3196 Christo
1035 3149 1153 3196 nomen
1173 3129 1249 3197 dare
1268 3133 1407 3198 intendit
1424 3152 1462 3197 eo
1479 3133 1531 3196 vel
1558 3134 1697 3199 manime

355 3237 429 3322 quia
453 3224 623 3302 christiana
648 3235 719 3302 lieri
744 3229 914 3321 prohibita
931 3237 991 3302 luit
1015 3258 1030 3300 a
1055 3257 1113 3304 suo
1138 3250 1299 3322 emptore,
1326 3239 1381 3323 qui
1407 3259 1475 3304 eam
1503 3239 1534 3303 in
1559 3259 1698 3306 atrorem

355 3343 462 3422 duait,
477 3353 510 3406 et
523 3361 563 3406 ex
577 3361 642 3426 quo
656 3342 814 3427 procreati
832 3354 908 3406 sunt
924 3341 1002 3406 varii
1019 3341 1092 3427 lilii;
1109 3344 1164 3429 qui
1180 3364 1288 3428 neque
1305 3344 1465 3430 permittit
1477 3345 1507 3408 ei
1526 3345 1698 3412 observare

356 3449 464 3533 legem
489 3448 560 3530 Dei,
586 3467 645 3512 nec
671 3449 702 3514 in
727 3467 762 3511 ca
789 3448 926 3513 educare
951 3447 1052 3532 lilios,
1073 3462 1118 3531 et,
1144 3450 1232 3533 quod
1257 3449 1350 3534 peius
1375 3462 1435 3534 est,
1462 3451 1611 3516 illicitum
1631 3453 1700 3519 ille-

355 3557 573 3644 gitimnmque
587 3568 788 3622 contractum
806 3556 1072 3622 matrimonialem
1085 3557 1234 3622 scindere
1248 3571 1386 3642 recusat,
1402 3578 1507 3643 eoque
1522 3572 1696 3645 renuente,

355 3681 417 3728 nec
441 3684 457 3726 a
481 3663 588 3729 iudice
613 3664 684 3749 cogi
708 3675 829 3749 potest,
855 3664 1059 3750 proindeque
1084 3664 1193 3729 nullus
1218 3675 1267 3729 est
1292 3665 1420 3748 modus,
1447 3665 1566 3750 absque
1591 3667 1698 3733 dictae

355 3769 502 3836 mulieris
527 3771 683 3855 emptoris
707 3789 878 3847 consenso,
896 3780 932 3835 ut
955 3769 994 3835 ad
1020 3769 1204 3856 legitimum
1227 3783 1443 3836 consortema
1460 3792 1525 3857 qno
1543 3772 1604 3838 luit
1622 3793 1699 3840 ven·

357 3878 436 3960 dita,
462 3876 571 3942 redire
595 3886 702 3962 queat.

448 3991 476 4052 l.
501 3983 672 4060 Quaeritur
694 4004 772 4052 num
797 3984 948 4051 venditor
972 3983 1081 4050 uxoris
1107 3981 1260 4070 baptizari
1285 3985 1398 4070 possit,
1424 3985 1467 4049 ita
1491 3995 1527 4051 nt
1550 4005 1625 4051 cum
1643 4005 1699 4052 sua

359 4110 461 4158 uxore
496 4100 569 4176 post
603 4090 761 4176 Baptisma
798 4089 1040 4155 matrimonium
1072 4090 1243 4154 revalidari
1278 4091 1396 4175 possit,
1430 4102 1466 4155 ut
1497 4091 1634 4157 hahetur
1667 4093 1699 4158 in

358 4197 437 4262 lolio
461 4199 483 4260 l.
510 4195 711 4279 lacultatum,
738 4216 767 4260 n.
796 4200 848 4279 ll,
875 4196 926 4261 cui
952 4206 1111 4282 repugnat
1143 4197 1198 4262 illa
1230 4198 1390 4263 clausula:
1421 4201 1490 4262 nlst'
1510 4202 1621 4284 prame
1646 4219 1700 4264 no-

357 4304 457 4367 luerit
483 4307 638 4368 concerti.
1607 4293 1610 4300 ⁴

447 4414 477 4475 2.
502 4413 583 4474 ltem
608 4411 775 4496 quaeritur·
798 4419 907 4475 utrum
931 4409 1083 4496 baptizari
1108 4412 1208 4498 possit
1232 4430 1315 4477 uxor
1338 4411 1467 4478 vendita
1494 4431 1575 4497 quae
1607 4411 1698 4479 nullo

358 4516 455 4582 modo
480 4515 648 4583 discedere
673 4527 781 4602 potest
805 4535 822 4580 e
847 4517 942 4582 domo
967 4517 1016 4582 sui
1041 4517 1211 4604 emptoris,
1237 4517 1263 4582 si
1288 4517 1326 4582 ab
1351 4518 1467 4583 eodem
1489 4518 1632 4584 obtineat
1649 4537 1699 4583 se·
