3672 5216
677 248 894 294 cnsrmnnnrs
1417 240 1457 301 95
1474 271 1476 276 ·

124 350 339 442 hebetudine
367 350 567 432 observata
595 348 636 424 in
665 349 801 426 Oarolo
829 350 998 425 valorem
1018 373 1227 424 censemus
1247 350 1286 426 in
1306 351 1461 432 dubium

123 472 243 546 vocari
271 495 382 573 posse
422 469 633 570 subiungit.
665 468 794 546 Ceteri
827 470 958 545 Testes
995 468 1124 544 eadem
1153 468 1198 542 de
1227 471 1357 550 audita
1387 476 1462 554 Oa-

121 589 187 668 r'oli
214 591 444 694 impotentia
470 589 740 691 deposuerunt,
773 589 836 666 sed
866 590 940 671 duo
968 590 1083 665 etiam
1113 614 1247 695 corpus
1277 593 1396 696 ipsius
1420 623 1460 674 sc

120 712 340 813 explorasse„
361 711 495 786 testati
525 717 632 800 sunt,
655 717 768 812 atque
787 712 867 787 eius
888 710 1072 811 genitalia
1091 709 1137 786 ad
1157 713 1330 813 copulam
1351 742 1460 794 exer-

119 832 267 906 cendam
299 856 380 906 esse
417 829 572 906 omnino
611 831 772 933 imparia
800 841 840 906 et
873 831 1013 908 inertia
1050 831 1186 932 absque
1225 833 1335 910 dubio
1363 837 1461 912 iudi-

121 955 268 1028 carunt.
352 1041 355 1047 ⁴

194 1075 232 1150 3.
267 1073 484 1148 Peritorum
516 1073 639 1174 legale
667 1073 868 1148 indicium:
900 1098 985 1148 111111
1007 1073 1172 1150 Paulina
1191 1074 1457 1154 Gambardella

120 1194 276 1270 acivili
305 1192 501 1270 Tribunali
539 1193 726 1294 petiisset,
759 1199 802 1268 ut
839 1193 992 1278 civilem
1030 1196 1270 1269 contractum
1303 1200 1459 1298 propter

118 1312 201 1390 Viri
229 1314 498 1417 impotentiam
534 1313 763 1390 dissolutum
798 1313 1031 1406 declararet,
1072 1313 1190 1390 ludex
1223 1314 1350 1392 civilis
1380 1325 1458 1393 tres

117 1436 255 1534 peritos
286 1435 493 1510 medicinae
522 1433 693 1510 doctores
723 1433 855 1534 elegit,
888 1434 951 1534 qui
981 1433 1179 1535 physicam
1210 1435 1338 1512 Caroli
1369 1437 1460 1514 Oler

115 1555 427 1631 constitutionem
457 1553 709 1656 inspicerent:
742 1554 782 1629 hi
811 1554 1016 1655 diligenter
1035 1560 1075 1630 et
1104 1560 1279 1631 accurate
1307 1557 1461 1659 imposi-

116 1679 195 1752 tum
224 1675 391 1752 ollicimn
420 1677 514 1751 sunt
542 1675 739 1776 exequuti,
762 1700 805 1750 ac
835 1675 988 1751 tandem
1017 1675 1228 1752 clarissime
1246 1681 1377 1754 etuno
1396 1702 1459 1754 ore

113 1795 385 1871 concluserunt
414 1795 594 1872 Carolum
624 1795 715 1872 Cler
743 1819 887 1895 organa
907 1794 1091 1895 genitalia
1122 1796 1255 1872 habere
1285 1797 1458 1900 imperf·

113 1917 300 2009 ctissime,
332 1925 370 1993 et
399 1916 445 1990 ad
474 1914 648 2018 copulam
679 1916 896 1992 maritalem
926 1917 1069 2019 inepta,
1097 1917 1251 2018 ideoque
1271 1919 1460 2021 impoten-

114 2038 167 2111 tia
195 2046 457 2125 ontcccdcnlr,
489 2038 716 2118 insanabili,
739 2041 778 2112 et
800 2049 991 2140 perpetuu
1022 2063 1104 2114 esse
1133 2039 1328 2115 affectum.
1361 2039 1459 2116 1510-

12 2235 13 2238 ,
79 2217 95 2248 ,
113 2183 193 2232 rum
224 2157 445 2232 Peritorum
476 2154 597 2258 legale
626 2156 807 2232 iudicium
835 2157 1037 2233 exhibetur
1065 2159 1105 2235 in
1134 2160 1235 2236 calce
1255 2161 1458 2238 Processns

112 2277 382 2368 ecclesiastici,
414 2275 526 2377 quod,
558 2278 590 2352 si
618 2277 676 2353 ita
713 2277 921 2378 placuerit,
954 2281 1094 2380 poterit
1132 2279 1285 2356 admitti
1313 2281 1353 2384 in
1389 2281 1459 2356 hoc

24 2391 29 2404 '
111 2423 215 2474 sacro
249 2399 373 2489 Foro,
406 2397 519 2473 sicuti
554 2401 663 2498 optat
700 2396 895 2474 Baniensis
934 2397 1065 2474 Curia.
1108 2397 1292 2500 Neglecta
1329 2404 1458 2476 autem

112 2517 185 2595 suit
215 2524 412 2618 tamquam
443 2519 634 2620 superflua
662 2523 702 2595 et
720 2518 872 2594 inutilis
894 2517 1057 2600 feminae
1076 2519 1236 2622 physica
1256 2521 1456 2622 inspectio.

189 2639 325 2738 ltaque
353 2638 386 2712 si
414 2639 704 2715 considerentur
732 2665 825 2740 quae
854 2640 1048 2740 hucusque
1076 2640 1121 2716 de
1150 2641 1220 2716 hac
1257 2667 1373 2720 causa
1401 2644 1460 2718 iu-

110 2759 304 2836 dicialiter
331 2759 491 2834 collecta
519 2759 673 2835 fuerant
703 2760 823 2853 Barii,
856 2761 1104 2836 Castrimaris
1132 2767 1171 2859 et
1203 2762 1375 2865 Neapoli,
1398 2764 1460 2840 vi·

111 2877 221 2956 detur
249 2877 418 2957 dubitari
456 2903 532 2955 non
561 2905 669 2982 posse
697 2881 741 2954 de
771 2880 998 2980 impotentia
1037 2881 1166 2956 Caroli
1201 2881 1311 2972 Cler‚
1343 2885 1455 2973 etde

108 2997 358 3099 consequenti
384 2999 753 3106 inconsummatione
782 3000 1017 3075 matrimonii
1047 3025 1131 3074 cum
1152 3000 1317 3076 Paulina
1344 3001 1458 3078 Gam-

107 3119 290 3212 banlella,
314 3119 498 3219 siquidem
517 3119 753 3196 conveniunt
771 3119 1028 3196 confessiones
1047 3121 1267 3221 coniugum,
1285 3121 1458 3198 Testium

109 3239 382 3342 depositiones
405 3239 623 3314 Peritorum
644 3240 847 3316 iudicium:
870 3240 1097 3342 impotentia
1117 3265 1208 3316 vero
1228 3241 1459 3318 iudicialiter

109 3362 268 3460 probata
296 3358 463 3453 nullum,
493 3359 724 3461 irritumque
745 3361 827 3437 iure
854 3360 1039 3452 naturali,
1063 3362 1209 3455 divino,
1231 3365 1271 3436 et
1291 3361 1458 3440 humano

111 3480 235 3556 reddit
263 3481 576 3574 matrimonium,
608 3482 717 3558 cuius
746 3482 833 3558 finis
862 3486 922 3558 est
962 3481 1186 3584 propagatio
1214 3483 1365 3558 sobolis.
1397 3481 1459 3556 ld-

110 3601 210 3678 circo
232 3625 300 3704 pro
320 3600 502 3678 nullitate
529 3601 773 3708 iudicandum
793 3625 890 3694 esse,
922 3627 1004 3678 meo
1025 3569 1175 3703 quidem
1196 3585 1348 3695 iudicia,
1371 3629 1459 3680 cen·

110 3747 171 3798 seo
200 3747 289 3798 oum
320 3723 421 3798 Rr‘no
449 3721 742 3824 Archiepiscopo
762 3723 957 3814 Baniensi,
990 3724 1053 3823 qui
1084 3724 1243 3797 miserae
1272 3723 1458 3800 Paulinae

109 3842 397 3947 resipiscentiae
426 3843 555 3917 lavere
575 3868 615 3918 se
636 3843 817 3935 ostendit,
839 3867 995 3945 eamque
1024 3845 1068 3919 ab
1096 3844 1234 3919 illicito
1254 3847 1459 3922 concubitu

109 3963 334 4039 subtrahere
363 3949 648 4066 quamprimum
676 3968 867 4066 peroptat.

189 4088 565 4162 Arnmuunusmnns
593 4109 826 4162 1111151115
854 4109 1089 4162 1111111111
1114 4107 1352 4166 1110111110.
1385 4077 1472 4161 Oa-'

111 4204 237 4281 rolu'm
267 4204 373 4298 0111,
395 4206 456 4281 cui
475 4205 535 4282 die
558 4206 605 4283 16
625 4206 842 4281 Decembris
865 4204 970 4282 1874
987 4205 1133 4307 nupsit,
1157 4206 1322 4282 Paulina
1342 4204 1460 4280 Gam-

108 4324 281 4402 hardella
307 4325 349 4401 in
369 4325 507 4402 inutile
536 4326 685 4428 lignum
705 4326 888 4418 traducit,
911 4330 950 4401 et
970 4326 1079 4428 proin
1099 4327 1328 4402 connubium
1347 4349 1458 4426 opere

110 4443 380 4548 imperfectum
407 4451 521 4548 atque
548 4447 703 4523 irritum
733 4446 957 4548 proclamat.
1461 4438 1463 4444 ’

190 4566 413 4642 Lectissimi
442 4566 693 4660 consultores
733 4565 935 4667 theologus
963 4573 1002 4644 et
1031 4569 1247 4658 canonista,
1286 4566 1457 4642 intense
