3672 5216
344 206 384 268 98
904 228 1137 274 nuuxnsmus'a

341 326 380 404 S.
401 328 612 404 'Laurentii
641 335 754 404 extra
781 329 981 404 civitatem
1009 329 1163 432 degenti
1193 331 1342 434 plenius
1385 331 1581 407 consulere
1623 359 1690 407 cu-

340 450 463 550 pienS,
494 451 553 524 die
577 449 625 524 12
646 450 840 526 Februarii
861 451 1053 526 decretum
1072 451 1215 545 emisit,
1239 454 1346 528 cuius
1366 451 1427 528 hic
1448 453 1686 555 praecipuam

252 663 254 672 .
289 669 294 680 ¹
341 573 489 670 partem
518 571 659 646 referre
687 576 871 672 praestat.
907 601 924 640 c
949 570 1075 658 Quum
1103 573 1231 672 itaque
1259 573 1299 648 iu
1319 572 1541 650 visitatione
1563 578 1691 674 pasto-

340 689 428 782 rali,
460 715 581 792 nuper
610 715 676 792 per
704 691 782 766 Nos
812 691 927 782 facta,
950 693 1218 794 comperimus,
1245 693 1463 770 districtum
1490 693 1689 794 quemdam

339 813 452 886 extra
494 811 641 886 moenia
687 811 800 886 huius
830 811 1019 890 civitatis,
1051 813 1114 912 qui
1143 812 1234 888 olim
1263 813 1309 888 ad
1347 803 1587 915 suppressam
1624 839 1692 914 pa-

340 930 503 1006 roeciam
532 931 571 1006 S.
603 931 778 1006 Amlreae
807 932 976 1032 aliasque
1006 932 1236 1032 pertinebat,
1267 932 1375 1008 modo
1396 957 1486 1009 vero
1506 959 1528 1008 a
1546 932 1690 1034 viginti

340 1053 453 1128 annis
482 1052 636 1128 circiter
664 1051 844 1128 ecclesiae
886 1051 1113 1154 collegiatae
1141 1056 1178 1128 et
1223 1054 1430 1156 parochiali
1473 1055 1512 1130 S.
1544 1055 1690 1131 Mariae

339 1172 386 1247 ad
415 1173 534 1248 Nives
563 1179 601 1248 et
630 1171 673 1248 de
703 1172 837 1264 Corte,
870 1173 909 1249 S.
942 1175 1142 1250 Laurentii
1173 1177 1383 1276 praesentis
1412 1175 1585 1250 civitatis
1605 1176 1693 1250 suh-

339 1293 482 1369 iectum
511 1295 693 1396 existere,
726 1295 766 1368 iu
794 1294 922 1370 eodem
965 1293 1283 1397 parochianorum
1327 1297 1625 1396 quingentorum
1652 1301 1692 1370 et.

257 1463 261 1472 ·
340 1415 446 1492 ultra
474 1439 674 1492 numerum
705 1415 877 1517 reperiri,
910 1427 993 1490 tum
1013 1416 1057 1490 ob
1078 1416 1246 1491 locorum
1266 1417 1491 1491 distantiam
1511 1441 1687 1518 asperam

222 1525 235 1550 '
341 1563 611 1640 ooeuosamque
640 1541 742 1614 viam
773 1547 941 1642 tempore
970 1541 1194 1641 praesertim
1224 1539 1394 1642 hyemali
1412 1565 1520 1616 senes
1541 1564 1690 1642 pueros-

340 1685 413 1761 que
441 1686 485 1736 ac
512 1660 650 1736 dehiles
681 1686 755 1737 non
784 1663 866 1736 siue
894 1661 1058 1736 maxima
1089 1660 1316 1736 difficultate
1344 1661 1390 1736 ad
1410 1659 1518 1736 illam
1536 1684 1603 1762 pro
1622 1684 1692 1735 au-

341 1780 489 1856 diendis
519 1781 662 1856 divinis
690 1781 839 1871 auidis,
871 1787 912 1865 et¹
945 1781 1198 1884 percipiendis
1233 1781 1482 1856 sacramentis
1515 1779 1691 1855 accedere

348 1925 425 1976 uon
455 1925 577 2003 posse,
609 1927 695 1978 oum
724 1903 757 1977 si
785 1910 973 1977 nocturno
1001 1906 1170 2003 tempore
1199 1901 1373 1977 civitatis
1402 1902 1536 1978 ianuas
1564 1900 1692 1976 claudi

348 2022 570 2123 contigerit,
602 2027 647 2098 ut
674 2024 824 2124 saepius
854 2021 935 2097 fieri
965 2022 1076 2116 solet,
1108 2026 1286 2124 aegrotos
1314 2022 1539 2123 praesertim
1578 2021 1693 2124 spiri-

341 2140 439 2216 tuali
468 2147 793 2218 sacramentorum
822 2141 988 2218 subsidio
1016 2165 1159 2234 carere,
1192 2141 1254 2216 vel
1285 2142 1407 2218 serius
1435 2140 1576 2216 eisdem
1617 2139 1695 2214 dil·
1749 2188 1753 2204 ·

341 2259 455 2354 ferri;
488 2263 534 2337 ad
563 2263 951 2355 dismembrationem,
983 2267 1021 2337 et
1059 2263 1288 2338 erectionem
1322 2262 1533 2364 respective
1571 2285 1693 2336 novae

342 2369 537 2484 paroeciae
566 2383 765 2485 procedere
795 2384 1017 2458 statuimus.
1051 2383 1194 2458 Idcirco
1224 2382 1327 2458 facta
1370 2382 1441 2457 hac
1483 2407 1597 2483 super
1634 2406 1690 2475 re,

340 2502 518 2604 diligenti
550 2504 812 2604 inquisitione.
845 2529 888 2580 ac
919 2503 1080 2604 desuper
1108 2507 1330 2578 constructo
1358 2503 1477 2578 citato
1506 2505 1545 2578 et
1563 2501 1694 2577 audito

339 2622 377 2696 d.
411 2623 754 2726 archipresbytero
784 2624 997 2700 Bandolino
1027 2624 1159 2698 hlussa
1189 2623 1313 2699 dictae
1340 2623 1523 2700 ecclesiae
1544 2623 1584 2699 S.
1608 2627 1695 2702 Ma-

340 2743 419 2818 riae
448 2745 494 2818 ad
524 2745 644 2820 Nives
672 2757 711 2818 et¹
739 2744 783 2818 de
813 2745 948 2836 Corte,
980 2769 1049 2819 uec
1079 2768 1155 2819 non
1199 2743 1239 2819 S.
1271 2744 1472 2820 Laurentii
1510 2743 1690 2845 paroclro,

341 2887 516 2966 processu
547 2865 591 2940 de
620 2887 693 2965 quo
722 2864 761 2940 in
791 2865 908 2956 actiS,
940 2864 1084 2939 dictum
1105 2863 1342 2957 districtum,
1366 2889 1431 2939 seu
1452 2864 1693 2940 territorium

341 2991 453 3061 extra
481 2986 636 3062 ianuam
666 2986 906 3078 laudensem,
939 2985 994 3060 sic
1022 2984 1181 3070 dictum,
1214 2987 1395 3087 positum,
1427 2989 1540 3086 atque
1567 2984 1692 3060 diotae

340 3105 540 3207 paroeciae
564 3106 672 3180 modo
700 3105 885 3181 hactenus
902 3106 1113 3181 subiectum
1136 3130 1221 3181 cum
1240 3104 1455 3182 hominihus
1471 3105 1621 3196 incoliS,
1651 3109 1693 3197 et

339 3225 513 3318 familiis,
545 3251 566 3300 a
594 3225 696 3300 diota
725 3225 933 3327 parochiali
964 3225 1124 3301 ecclesia
1152 3225 1191 3300 S.
1224 3226 1370 3301 Mariae
1398 3225 1444 3300 ad
1491 3225 1624 3318 Nives„
1656 3229 1696 3300 et

341 3349 385 3426 de
414 3349 537 3426 Curte
567 3355 606 3424 et
634 3349 674 3426 S.
706 3349 906 3446 Laurentii
935 3356 1157 3451 nuncupata
1184 3349 1341 3426 huiusce
1369 3350 1542 3426 civitatis
1562 3355 1694 3429 aucto-

292 3539 295 3546 .
345 3469 462 3545 ritate
491 3467 699 3561 ordinaria,
730 3474 770 3545 et
797 3497 820 3545 a
848 3470 884 3547 S.
916 3469 1088 3548 Concilio
1116 3469 1340 3546 'tridentino
1369 3471 1557 3573 delegata,
1589 3495 1693 3548 acoe-

348 3593 476 3685 dente,
508 3597 622 3692 atque
652 3591 784 3668 Nostri
804 3591 976 3694 Capituli
995 3614 1196 3683 consensu,
1218 3590 1438 3685 dividimus,
1460 3595 1500 3666 et
1518 3591 1696 3666 dismem-

341 3715 520 3789 bramus:
555 3717 594 3788 et
632 3711 748 3787 donec
790 3737 891 3788 nova
926 3711 1087 3786 ecclesia
1119 3710 1347 3812 parochialis
1377 3712 1416 3787 in
1453 3717 1599 3804 centr0,
1631 3725 1694 3801 vel

343 3833 422 3908 alio
450 3833 531 3908 loco
559 3859 582 3908 a
611 3833 740 3927 Nobis,
771 3833 834 3908 vel
863 3832 1141 3908 successoribus
1171 3833 1324 3908 Nostris
1358 3833 1542 3934 praedicti
1579 3833 1696 3908 terri-

342 3953 430 4027 torii
460 3953 608 4055 aptiore
627 3953 875 4055 designando,
907 3979 929 4028 a
956 3951 1197 4054 parochianis
1213 3957 1472 4048 construatur,
1495 3953 1693 4031 ecclesiam

341 4072 676 4150 confraternitatis
706 4073 776 4149 hac
806 4073 1034 4148 incivitate
1064 4097 1177 4174 prope
1209 4073 1361 4150 ianuam
1382 4075 1605 4151 laudensem
1625 4075 1693 4151 sub

346 4193 464 4268 titulo
493 4193 560 4271 SS.
593 4194 778 4272 Crucilixi
808 4195 1053 4287 existentem,
1093 4219 1177 4270 cum
1208 4221 1275 4270 suo
1314 4195 1409 4286 loco,
1442 4202 1481 4270 et
1514 4195 1693 4271 districtu

345 4313 538 4416 praedicto
566 4317 606 4391 in
635 4312 1189 4418 parochialemecclesiam...
1221 4317 1277 4392 ita
1304 4315 1505 4417 erigimus,
1537 4320 1577 4392 et
1605 4341 1695 4394 cou-

343 4435 541 4511 stituimus
571 4439 685 4536 atque
713 4435 780 4510 sub
808 4435 1050 4511 invocatione
1080 4433 1120 4512 S.
1144 4436 1297 4512 loannis
1318 4436 1593 4538 Evangelistae
1613 4461 1695 4512 ere-

341 4561 442 4632 ctam
471 4556 663 4650 volumus,
695 4557 734 4632 et
762 4555 1058 4631 declaramus.»
