3674 5262
701 287 921 334 casrnmarus
1440 270 1478 332 87

143 390 207 468 etsi
234 391 377 494 pluries
405 389 609 492 repetitus.
643 387 683 463 ld
713 387 859 464 fatetur
888 388 1024 464 mulier
1052 390 1097 464 de
1124 387 1232 463 cuius
1270 390 1480 466 veracitate

143 511 396 614 plenissimum
427 510 691 586 testimonium
725 509 885 584 habetur
914 509 954 585 in
984 511 1107 585 Actis,
1149 509 1250 585 Idem
1280 509 1479 588 coufirmat

144 635 213 734 ipse
241 631 403 710 Carolus
434 631 523 708 Crel
551 630 640 705 dum
660 630 811 718 asserit,
844 655 883 704 se
912 655 1031 730 neque
1052 632 1175 732 prima
1193 631 1262 707 illa
1289 632 1387 724 vice,
1412 659 1479 709 uec

143 777 301 853 unquam
329 759 462 854 postea
489 751 646 858 membri
683 747 910 825 erectionem
928 755 1142 852 ¹expertum
1170 777 1270 840 esse;
1314 753 1411 827 unde
1440 777 1480 828 se

142 899 339 974 numquam
369 873 415 948 ad
445 871 659 948 maritalem
690 871 866 947 unionem
897 873 1116 974 pervenisse
1144 871 1350 949 concludit.

213 993 293 1070 Nec
312 991 587 1094 praetereunda
607 991 836 1092 gravissima
855 992 1036 1091 quaedam
1056 991 1361 1085 circumstantia,
1384 1017 1479 1094 quae

138 1115 415 1217 persuasionem
453 1113 497 1186 de
527 1112 597 1187 filii
634 1112 862 1213 impotentia
900 1115 938 1188 in
977 1115 1196 1216 parentibus
1235 1114 1476 1189 manifestat.

140 1235 305 1310 llabetur
332 1237 434 1308 enim
463 1257 511 1307 ex
540 1232 649 1307 dctis
678 1231 773 1331 (prod
803 1232 925 1334 prima
959 1233 1180 1334 nuptiarum
1210 1237 1319 1308 nocto
1349 1231 1479 1310 Caroli

138 1363 254 1430 mater
283 1375 461 1457 praesens
490 1375 571 1428 esse
599 1351 738 1436 voluit,
770 1356 809 1427 et
837 1351 881 1426 de
911 1351 1012 1427 facto
1040 1376 1218 1454 praesens
1250 1351 1340 1444 luit,
1373 1356 1416 1428 ut
1436 1351 1481 1426 fi-

140 1479 223 1553 lium
254 1474 499 1552 matrimonio
526 1497 678 1574 operam
706 1472 875 1562 dautem,
906 1471 951 1546 de
980 1472 1087 1546 modo
1116 1497 1156 1547 se
1186 1473 1340 1574 gerendi
1371 1475 1481 1547 doce-

138 1605 211 1686 ret;
244 1595 441 1688 inutiliter
470 1601 613 1686 tamen,
645 1593 733 1693 quia
754 1593 854 1668 filius
884 1591 1060 1694 frigidus,
1084 1600 1126 1668 ut
1154 1597 1251 1684 erat,
1276 1593 1476 1669 remansit.

213 1720 283 1792 Ast
316 1716 408 1790 baec
437 1714 565 1789 omnia
592 1738 638 1788 ex
674 1713 989 1814 consequentibus
1027 1711 1312 1789 evidentissime
1340 1712 1479 1788 contir-

138 1844 302 1913 mautur.
337 1839 369 1910 Α
398 1835 533 1938 primis
561 1835 662 1910 enim
692 1834 928 1909 matrimonii
958 1832 1085 1908 diebus
1116 1833 1217 1908 fanm
1236 1832 1408 1908 evolavit
1436 1832 1477 1908 in

136 1957 275 2060 vulgus
311 1957 408 2058 quod
447 1955 608 2032 Carolus
644 1955 822 2053 nequibat
859 1953 1145 2030 matrimonium
1189 1979 1474 2045 consummare,

137 2077 228 2154 nude
259 2078 339 2154 sere
366 2078 500 2152 statim
529 2100 571 2150 eo
600 2099 717 2175 usque
747 2081 1004 2176 pervenerunt
1025 2075 1127 2150 inter
1151 2099 1305 2176 sponsos
1336 2075 1476 2174 iurgia,
1504 2141 1505 2144 ,

135 2205 173 2274 ut
202 2199 344 2274 mulier
373 2197 449 2272 viri
471 2195 623 2271 vultum
644 2197 834 2296 unguibus
864 2194 1047 2286 foedaret,
1070 2201 1108 2270 et
1134 2195 1306 2270 mulieris
1335 2220 1480 2270 comam
1593 2237 1596 2242 Α

134 2319 321 2394 scinderet
350 2316 426 2392 vir.
459 2315 512 2392 ut
540 2316 603 2390 vir
631 2317 779 2416 quidem
811 2317 865 2391 rei
896 2315 1128 2417 gravitatem
1149 2341 1383 2414 agnoscens,
1407 2317 1478 2392 tali

134 2441 204 2514 snit
234 2439 365 2514 furore
393 2443 605 2538 correptus,
638 2441 682 2512 ut
710 2437 913 2512 timeretur
934 2463 979 2511 ne
999 2437 1038 2512 in
1060 2437 1249 2512 insaniam
1270 2437 1478 2540 prosiliret,

132 2565 167 2636 et
196 2559 335 2636 mulier
363 2557 603 2658 aegritudine
632 2557 805 2633 confecta
834 2555 1093 2632 valetudinem
1121 2558 1298 2632 amittere
1330 2557 1483 2634 videba-

134 2702 207 2756 mr.
241 2679 357 2759 Unde
379 2678 520 2754 sactum
550 2681 623 2770 est,
648 2681 732 2754 uta
761 2677 871 2753 thoro
892 2683 1174 2780 separarentur,
1206 2678 1316 2779 idque
1336 2705 1384 2754 ex
1405 2705 1484 2755 me-
1553 2662 1558 2674 ⁴

131 2801 301 2878 dicorum
331 2798 489 2876 consilio
517 2805 557 2873 et
585 2805 788 2902 parentum
819 2797 947 2875 Caroli
977 2793 1198 2874 voluntate

212 2923 290 2997 Nec
319 2925 439 3010 satis;
473 2945 560 2994 nam
591 2919 719 2998 Caroli
748 2924 869 3021 pater,
905 2921 1030 2995 nescio
1058 2945 1132 3020 qua
1156 2921 1403 3013 conscientia,
1436 2919 1482 2994 fi-

134 3043 224 3118 lium
262 3039 392 3142 adegit
427 3044 472 3115 ut
510 3039 771 3115 meretricibus
809 3038 1052 3130 adlmereret3
1097 3041 1171 3114 imo
1214 3039 1355 3142 pluries
1398 3041 1479 3142 ipse

130 3163 257 3236 :plesse
287 3161 412 3236 voluit
440 3159 623 3261 flagitiosi
651 3160 826 3235 criminis
862 3159 1046 3260 magister
1074 3165 1110 3235 et
1142 3162 1277 3252 testis,
1322 3167 1363 3235 nt
1392 3159 1479 3236 inde

133 3283 211 3357 nati
240 3281 453 3358 absolutam
482 3280 748 3382 impotentiam
779 3281 841 3356 vel
872 3280 1005 3355 nolens
1034 3281 1238 3357 admittere
1265 3287 1479 3383 cogeretur.

212 3403 319 3478 Hanc
347 3409 475 3477 autem
507 3400 771 3501 impotentiam
800 3401 1061 3503 experimento
1090 3403 1335 3479 confirmavit
1368 3405 1481 3479 testis

133 3523 358 3598 ltenelietus
388 3520 604 3613 Pelleran0,
636 3522 699 3622 qui
728 3521 962 3596 denudatum
994 3521 1176 3600 Carolnm
1205 3548 1291 3597 cum
1316 3525 1483 3598 tactibus

133 3643 170 3718 in
215 3641 396 3744 pudendis
439 3641 484 3716 ad
529 3665 704 3716 venerem
747 3641 966 3730 excitaret,
1018 3639 1120 3716 facto
1162 3667 1230 3718 suo
1273 3643 1482 3718 inhabilem

131 3763 283 3838 onrnino
325 3761 370 3837 ad
410 3761 697 3837 matrimoni-nm
736 3761 1010 3862 comprobavit.
1049 3761 1155 3848 Quod
1193 3762 1338 3864 pariter
1375 3787 1485 3864 prae-

132 3883 235 3957 stitit
262 3883 360 3959 alius
390 3882 503 3958 testis
534 3881 667 3983 loseph
698 3880 893 3973 Rossetti,
926 3882 1314 3982 interrogationibus,
1357 3883 1484 3957 verbis

132 4003 342 4096 natatoriis,
376 4002 537 4077 lascivis
567 4002 842 4092 incitamentis,
874 4002 1008 4102 quibus
1037 4003 1211 4078 omnibus
1242 4002 1422 4078 Carolum
1462 4028 1485 4078 a

132 4145 199 4196 sua
229 4121 441 4225 frigiditate
470 4147 664 4198 removere
694 4147 769 4197 non
799 4123 938 4198 valuit.
1002 4107 1006 4122 ⁵

213 4241 281 4318 llis
317 4241 528 4318 addendum
567 4244 665 4344 quod
704 4243 932 4345 perdurante
971 4242 1139 4318 ruaritali
1170 4243 1280 4334 rita,
1322 4241 1484 4319 Carolus

133 4361 251 4462 puris
277 4368 316 4439 et
344 4363 441 4438 socri
471 4363 632 4438 consilio
669 4363 797 4466 plures
827 4365 968 4464 peritos
1007 4361 1168 4438 medicos
1207 4362 1402 4439 consuluit
1436 4367 1480 4438 ut

132 4487 359 4582 oppmrtnuas
387 4482 604 4558 curationes
633 4487 890 4586 praescriptas
921 4482 1096 4574 haberet,
1128 4483 1220 4583 quin
1250 4491 1379 4558 tamen
1409 4509 1481 4558 nn-

132 4625 243 4700 quam
272 4605 482 4706 proficeret.
514 4603 694 4691 Quinimo
723 4603 795 4705 ipsi
820 4603 934 4706 periti
964 4603 1098 4678 medici
1118 4604 1330 4680 curationis
1360 4603 1480 4678 inuti-
