3672 5216
644 319 799 368 rueram
820 318 1002 367 rucrcuca
1435 303 1490 367 131

152 422 381 512 perniciosa:
406 439 450 490 eo
475 425 599 490 autem
625 423 688 509 qui
712 441 814 492 nuuc
837 427 893 492 est
916 419 1177 490 communium
1206 440 1333 490 rerum
1357 427 1493 494 vestra·

153 549 239 599 rum
264 548 390 616 cursu,
416 527 524 597 valde
549 529 901 616 pertimescendum,
919 547 967 598 ne
989 528 1099 618 longe
1123 529 1294 618 graviora
1320 530 1492 600 eveniant

154 637 320 726 religioni
345 635 494 706 damna.
507 673 553 686 -
565 637 746 724 lamvero,
764 635 865 724 quod
883 636 1101 706 nominatim
1126 636 1280 722 pertinet
1296 637 1343 706 ad
1360 657 1491 708 carum

153 745 283 834 capita,
308 763 407 831 quae
430 741 633 814 ferventius
656 743 757 834 apud
783 763 852 813 vos
876 744 1050 831 proximo
1074 743 1146 812 hoc
1165 747 1334 832 tempore
1358 745 1491 834 agitata

152 857 250 940 sunt,
276 857 444 922 vestrum
469 856 534 938 est,
561 851 802 921 venerabiles
825 853 983 936 Fratres
1001 850 1166 921 studiose
1183 853 1490 941 concorditerque

153 961 243 1030 dare
266 977 433 1046 operam,
448 961 488 1026 ut
510 975 643 1027 omues
663 963 744 1026 tum
760 958 984 1044 sacerdotes,
1004 962 1082 1027 tum
1099 957 1179 1028 laici
1196 960 1364 1048 apprime
1381 979 1491 1049 agno

153 1073 261 1138 scant
284 1065 373 1155 quid
397 1064 466 1134 sibi
491 1065 596 1134 liceat
618 1069 654 1134 et
677 1085 701 1134 a
723 1085 798 1153 quo
822 1085 957 1136 carere
980 1065 1149 1152 debeant,
1167 1085 1215 1135 nc
1238 1071 1367 1137 contra
1391 1072 1491 1138 uatu-

154 1177 240 1246 ralis
256 1175 479 1262 divinaeque
495 1173 585 1262 legis
602 1171 793 1243 offendant
808 1173 1048 1261 praescripta.
1072 1175 1115 1242 Et
1130 1175 1308 1262 quoniam
1324 1173 1491 1264 plerique

154 1287 321 1352 vestrum
345 1281 392 1350 de
416 1281 459 1349 iis
483 1279 572 1368 ipsis
596 1281 710 1350 rebus
733 1280 948 1350 animarum
973 1284 1166 1350 curatores
1189 1281 1381 1351 iusserunt
1396 1283 1492 1370 Apo·

150 1391 303 1462 stolicae
327 1389 434 1458 Sedis
458 1387 644 1473 iudicium,
670 1407 691 1455 a
717 1387 992 1475 vobismetipsis
1009 1393 1260 1477 perrogatum,
1279 1395 1488 1478 expectare,

152 1505 320 1571 vestrum
345 1498 418 1564 iam
443 1495 518 1580 erit,
544 1494 785 1564 venerabiles
811 1496 967 1580 Fratres,
986 1495 1142 1565 eosdem
1159 1515 1357 1566 sacrorum
1374 1497 1490 1568 admi·

151 1607 288 1676 nistros
310 1602 444 1674 sedulo
468 1602 684 1687 admouere,
699 1605 738 1670 ut
762 1601 928 1690 religioni
951 1602 1114 1672 habeant
1138 1622 1184 1671 ne
1200 1603 1400 1673 minimum
1416 1606 1491 1693 qui·

149 1715 236 1784 dem
262 1713 311 1782 ab
335 1711 377 1780 iis
401 1709 593 1779 discedere
627 1729 725 1796 quae
756 1708 968 1796 Apostolica
1001 1709 1118 1779 Sedes
1150 1710 1208 1780 vel
1239 1711 1407 1781 statuerit
1430 1712 1489 1781 vel

150 1821 401 1911 praeceperit:
425 1818 526 1908 quod
551 1825 676 1888 autem
696 1818 954 1888 sacerdotibus
970 1837 1045 1887 uon
1063 1818 1176 1906 liceat,
1195 1819 1350 1906 planum
1368 1823 1488 1890 estne

150 1931 252 2000 laicis
268 1928 420 2017 quidem
438 1927 653 1996 hominibus
670 1926 758 1996 illud
776 1925 895 1996 licere.
907 1964 945 1973 -
960 1926 1133 1996 Ceterum
1149 1926 1198 1996 ad
1216 1927 1487 2016 prohibendam

150 2037 402 2125 plurimorum
426 2033 611 2104 malorum
630 2035 716 2119 vim,
734 2035 929 2124 permagni
946 2033 1122 2121 ponderis
1138 2039 1204 2122 est,
1218 2041 1259 2104 ut
1275 2035 1489 2105 animarum

148 2149 343 2214 curatores
366 2161 561 2230 uunquam
587 2142 766 2212 desistant
789 2143 1062 2213 multitudinem
1087 2163 1350 2232 commonere,
1376 2150 1417 2214 ut
1440 2146 1488 2214 ab

148 2251 323 2322 ineundis
346 2269 432 2319 cum
451 2249 579 2320 alienis
595 2271 615 2319 a
634 2250 814 2320 catholico
832 2253 982 2321 nomine
997 2253 1189 2340 coniugiis,
1207 2259 1389 2341 quantum
1407 2253 1487 2324 fleri

148 2360 276 2446 possit,
301 2358 519 2428 abstineant.
544 2357 665 2426 Probe
690 2357 891 2445 intelligant
916 2357 1057 2443 fideles
1083 2364 1328 2450 notatumque
1352 2363 1488 2432 animis

148 2468 322 2552 habeant,
348 2466 396 2534 ab
420 2464 602 2534 eiusmodi
626 2465 817 2552 coniugiis,
842 2485 940 2553 quae
959 2486 1111 2554 semper
1126 2468 1290 2538 Ecclesia
1307 2471 1486 2542 detestata

148 2581 227 2660 est,
252 2592 301 2642 ex
325 2592 370 2642 eo
394 2572 558 2642 muxirue
582 2591 667 2641 esse
690 2572 994 2660 abhorrendum,
1021 2575 1070 2644 uti
1102 2577 1180 2644 Nos
1210 2576 1279 2664 ipsi
1310 2576 1381 2647 alio
1405 2579 1487 2648 loco

146 2681 338 2750 ediximus
362 2679 429 2766 (l),
456 2679 593 2768 «quod
624 2680 860 2748 occasionem
891 2681 1071 2768 praebent
1101 2683 1232 2753 vetitae
1261 2685 1423 2756 societati
1452 2693 1488 2758 et

148 2786 521 2856 «communicationi
546 2805 673 2855 rerum
698 2805 908 2872 sacrarum;
933 2788 1140 2874 periculum
1169 2790 1335 2879 religioni
1359 2799 1487 2865 creant

149 2916 169 2958 a
192 2892 362 2980 coniugis
386 2891 568 2978 catholici;
596 2893 861 2981 impedimento
885 2899 973 2962 sunt
992 2894 1113 2965 bonae
1130 2896 1343 2967 institutioni
1360 2899 1488 2970 libero-

148 3023 169 3065 «
193 3019 290 3085 rum,
315 3005 351 3069 et
374 3019 555 3088 persaepe
578 3001 725 3069 animos
750 3000 953 3090 impellunt,
972 3008 1011 3071 ut
1026 3008 1246 3075 cunctarum
1265 3005 1486 3096 religionum

149 3129 169 3170 «
192 3125 355 3195 aequam
380 3107 520 3176 habere
536 3107 716 3176 rationem
734 3113 965 3196 assuescant,
982 3109 1129 3180 sublato
1147 3113 1223 3182 veri
1240 3111 1396 3204 falsique
1413 3116 1487 3186 dis·

149 3235 170 3276 c
193 3231 349 3282 enmme
372 3235 403 3280 ».

241 3319 315 3388 Sed
328 3321 448 3390 avitae
465 3320 735 3410 Hungarorum
759 3322 925 3411 religioni
942 3325 1086 3394 maiora
1101 3327 1325 3417 impendent,
1342 3331 1395 3400 uti
1411 3350 1486 3402 mo·

146 3429 313 3514 unimus,
345 3427 494 3496 damna.
527 3430 716 3517 Quotquot
738 3431 818 3500 istic
849 3435 937 3500 sunt
960 3433 1096 3501 inimici
1123 3434 1292 3504 catholici
1323 3439 1485 3507 nominis

147 3553 223 3602 non
248 3533 488 3604 dissimulant
510 3534 674 3622 prolecto
699 3539 788 3625 quid
813 3539 941 3608 velint:
967 3540 1157 3627 nimirum,
1173 3544 1291 3612 armis
1307 3545 1485 3614 omnibus

146 3643 195 3712 ad
221 3642 435 3712 nocendum
452 3643 667 3731 aptioribus,
692 3646 782 3716 illud
798 3649 951 3736 assequi
968 3653 1008 3717 ut
1023 3649 1189 3718 Ecclesia
1210 3669 1347 3740 resque
1363 3653 1486 3722 catho-

147 3749 219 3818 lica
234 3751 269 3819 in
283 3749 507 3819 deteriorem
519 3752 683 3838 quotidie
694 3755 945 3823 conditionem
957 3756 1239 3843 compellantur.
1257 3759 1337 3829 Vos
1348 3759 1482 3849 itaque,

145 3856 393 3926 venerabiles
418 3859 586 3945 Fratres,
615 3861 874 3930 vehementius
901 3882 1017 3950 quam
1046 3883 1215 3951 uuquam
1244 3867 1339 3938 alias
1363 3869 1485 3938 horta-

146 3982 243 4050 mur,
276 3963 368 4031 nulli
398 3969 439 4032 ut
462 3964 580 4034 labori
611 3968 784 4054 parcatis
809 3989 885 4058 quo
909 3975 1055 4040 tautum
1086 3973 1295 4060 periculum
1323 3995 1482 4066 agrege

145 4070 252 4139 vobis
283 4071 489 4140 commisso
513 4091 537 4140 a
559 4075 679 4159 patria
710 4082 836 4145 vestra
858 4079 1097 4168 propulsetis.
1115 4119 1159 4129 -
1180 4081 1274 4152 Illud
1299 4085 1483 4170 imprimis

145 4181 275 4247 curate
299 4183 411 4266 atque
436 4177 567 4248 efficite
592 4185 633 4250 ut
656 4183 831 4270 universi,
856 4186 1032 4272 exemplo
1056 4192 1092 4256 et
1114 4191 1331 4259 auctoritate
1357 4196 1483 4262 restra

144 4283 367 4372 confirmati,
386 4285 574 4374 religionis
600 4307 759 4358 causam
775 4289 889 4360 fortes
913 4298 950 4362 et
963 4293 1123 4365 animosi
1140 4297 1355 4386 suscipiant,
1372 4298 1484 4368 firmi-

146 4398 199 4460 ter
221 4397 410 4464 tueantur.
436 4393 612 4482 Profecto,
639 4396 741 4466 haud
766 4417 851 4468 raro
887 4401 1028 4488 accidit,
1053 4406 1297 4492 nequeenim
1322 4407 1482 4476 reticebi·

206 4631 240 4693 (1)
257 4634 330 4680 nttt.
353 4632 463 4694 Eneycl.
483 4629 518 4681 de
537 4633 724 4683 Matrimonia
742 4635 911 4700 christiano,
928 4655 972 4688 aa.
993 4643 1059 4688 1880.
