3674 5264
334 295 373 356 72
896 312 1060 356 arraxoxx
1082 313 1104 356 1.

333 429 407 475 casu
432 409 551 475 mulier
577 409 746 474 christiana
770 409 872 494 possit
895 409 943 472 uti
968 410 1142 496 privilegio
1168 409 1198 474 in
1217 409 1361 474 levorem
1385 409 1462 474 fidei
1488 410 1677 476 adcontra-

333 513 455 582 bendas
480 517 596 580 alteras
621 513 771 602 nuptias?
927 503 934 512 ’

424 623 476 685 Vl.
504 617 618 701 Titius,
646 621 755 687 relicta
780 621 881 706 prima
907 641 1009 686 uxore
1034 619 1178 699 infideli,
1204 623 1317 688 transit
1341 621 1380 688 ad
1405 623 1480 688 alias
1511 622 1675 707 regiones,

336 725 389 792 ubi
417 727 552 792 edoctus
577 736 609 791 et
632 728 824 812 baptizatus,
851 746 925 793 cum
949 735 1038 793 Anna
1069 729 1239 794 christiana
1265 729 1375 814 nupsit
1405 747 1512 794 coram
1537 731 1677 816 parocho

336 832 405 898 sine
431 832 713 917 interpellatione,
740 835 844 899 celato
873 835 978 919 primo
1010 834 1233 900 matrimonio:
1259 848 1372 919 postea
1394 836 1433 900 ad
1466 835 1602 900 meliora
1626 853 1678 900 re-

336 957 449 1003 versus
480 940 607 1024 culpam
641 939 826 1023 confitetur,
857 953 889 1004 et
923 941 1006 1024 petit
1037 941 1312 1026 dispensationem
1344 943 1382 1008 ab
1414 941 1678 1026 interpellatione

336 1043 459 1126 primae
484 1046 594 1111 uxoris
619 1057 653 1109 ut
678 1057 814 1110 renovet
842 1056 1035 1112 consensum
1070 1065 1141 1111 cum
1166 1055 1275 1114 bona:
1302 1059 1452 1135 potestne
1483 1047 1675 1132 dispensari,
1737 1119 1740 1124 ,

336 1150 360 1212 si
387 1150 490 1215 adsint
507 1151 709 1218 conditiones
726 1153 763 1217 ad
783 1153 1036 1240 dispensandum
1055 1153 1277 1220 necessariae?
1300 1155 1399 1221 Titius
1424 1154 1502 1220 bona
1521 1153 1586 1220 lide
1602 1173 1677 1218 con-

336 1255 432 1318 traxit
457 1257 696 1322 matrimonium
723 1278 796 1324 eum
822 1265 908 1326 Anna
934 1270 966 1323 et
991 1260 1158 1346 ignorabat
1184 1259 1264 1324 illud
1290 1280 1361 1325 esse
1387 1257 1675 1346 impedimentum.

425 1365 461 1428 R.
490 1363 768 1448 Respondendum
793 1385 863 1430 esse
888 1385 948 1452 per
973 1368 1005 1431 S.
1033 1368 1133 1452 Cong.
1161 1367 1255 1452 Prop.
1284 1365 1363 1431 Fide
1386 1369 1422 1432 lt.
1436 1369 1467 1430 P.
1482 1369 1517 1430 D.
1531 1365 1674 1450 Viobp.

337 1467 491 1534 Siamensi
518 1469 605 1534 iuxta
629 1471 786 1536 adnexam
811 1471 1069 1538 instructionem.
1355 1536 1358 1542 ,

426 1579 623 1641 lusrnucrro.
652 1579 826 1664 Propositis
839 1577 945 1643 dubiis
960 1590 992 1642 et
1010 1576 1162 1662 quaesitis
1180 1579 1329 1665 Episcopi
1347 1579 1519 1662 Malleusis,
1538 1579 1604 1644 llic.
1618 1583 1676 1664 tp.

229 1761 233 1769 Ι
337 1680 521 1764 Siamensis‚
549 1681 684 1764 leriala,
711 1684 764 1748 die
791 1688 809 1749 b
834 1684 904 1750 lulii
933 1688 1016 1751 1835
1041 1686 1071 1749 S.
1086 1689 1120 1751 C.
1134 1688 1164 1751 S.
1189 1683 1288 1751 Officii
1314 1684 1578 1770 respondendum
1604 1703 1679 1748 een-

336 1788 401 1854 suit
424 1790 575 1874 sequenti
599 1795 829 1875 lnstruotione,
849 1811 922 1856 cum
947 1792 1017 1857 lere
1035 1791 1138 1858 omnia
1162 1793 1315 1878 quaesita,
1334 1805 1449 1878 utpote
1472 1791 1678 1878 respicientia

320 1893 636 1980 ‘interpellationem
662 1897 807 1983 coniugis
833 1899 996 1982 infidelis,
1029 1899 1203 1964 faciliorem
1233 1899 1429 1964 solutionem
1460 1899 1628 1966 admittant
1652 1899 1678 1963 si
1703 1983 1706 1989 Ι

336 2001 522 2066 attendatur
547 2004 655 2068 verbis
672 2017 704 2069 et
726 2005 1032 2092 praescriptionibus
1056 2007 1173 2092 Synodi
1201 2008 1424 2088 Sutcbuensis,
1449 2025 1546 2090 quae,
1563 2024 1679 2092 appro-

336 2107 432 2171 bante
458 2109 491 2172 S.
517 2108 612 2174 Sede·
628 2122 758 2176 extensa
783 2113 843 2178 luit
868 2113 1025 2179 etiamad
1050 2129 1148 2197 regna
1174 2113 1255 2178 Sinis
1279 2112 1469 2195 adiacentia,
1497 2112 1679 2196 interquae

337 2214 630 2297 comprehenditur
662 2219 757 2284 etiam
789 2239 928 2306 regnum
965 2220 1147 2296 Siamense;
1180 2219 1340 2304 siquidem
1375 2218 1406 2283 in
1436 2239 1513 2303 cap„
1537 2219 1589 2300 lX,
1614 2215 1680 2304 §8

337 2318 483 2386 eiusdem
510 2322 629 2407 Synodi
655 2327 828 2411 perspicue
854 2327 1036 2392 declaratur
1060 2326 1188 2410 quando
1205 2328 1243 2391 ab
1262 2325 1524 2411 interpellatione
1547 2323 1679 2409 dispen-

337 2425 397 2490 sari
423 2429 536 2512 possit,
564 2441 596 2494 et
620 2431 736 2516 quibus
762 2435 867 2498 modis
892 2434 929 2499 ad
955 2452 1101 2500 normam
1116 2415 1396 2518 Brevis'Gregorii
1421 2435 1488 2496 lllll
1504 2431 1545 2495 sit
1563 2449 1678 2516 proce-

337 2532 497 2617 dendum,
525 2548 557 2600 et
582 2538 715 2624 insuper
745 2527 976 2625 praescribitur
1004 2542 1044 2606 de
1077 2539 1194 2626 quillus
1226 2539 1368 2604 iacienda
1400 2539 1461 2600 sit:
1493 2535 1681 2620 ibidemque

337 2641 503 2726 reperitur·
526 2644 654 2728 quando
672 2657 704 2710 et
721 2649 898 2729 quomodo,
924 2666 1026 2732 prima
1053 2647 1196 2732 legitima
1221 2663 1323 2711 uxore
1348 2653 1508 2708 renuente
1534 2641 1585 2704 uel
1605 2661 1680 2706 eon-

337 2747 421 2810 verti
446 2747 484 2818 ad
510 2747 621 2831 fidem,
649 2750 700 2814 vel
726 2753 841 2816 saltem
866 2751 1049 2817 cohabitare
1074 2754 1142 2816 sine
1168 2749 1364 2814 contumelia
1388 2747 1561 2828 creatoris,
1579 2747 1681 2831 possit

339 2851 444 2918 fidelis
468 2856 645 2920 secundam
672 2857 806 2921 ducere.
832 2863 885 2938 At,
912 2858 937 2921 si
962 2859 1057 2922 etiam
1081 2856 1223 2922 secunda
1250 2865 1362 2920 renuat
1387 2853 1546 2932 converti,
1574 2851 1682 2916 decla-

339 2979 410 3025 rans
437 2971 559 3026 tantum
585 2961 725 3029 babitare
755 2963 900 3047 pacifice,
928 2964 1059 3028 minime
1094 2963 1217 3028 licitum
1243 2973 1289 3028 est
1315 2961 1383 3025 viro
1416 2959 1518 3024 lideli.
1545 2958 1576 3024 Si
1601 2977 1681 3022 vero

338 3077 450 3152 agatur
475 3068 515 3132 de
539 3069 724 3153 particulari
749 3090 834 3153 casu,
854 3081 887 3134 et
912 3070 1018 3156 gravia
1043 3069 1283 3154 subsequantur
1305 3067 1399 3148 mala,
1418 3066 1539 3131 certior
1563 3063 1708 3152 faciem

337 3174 397 3239 dus
423 3186 471 3240 est
496 3177 654 3242 Romanus
678 3175 840 3259 Pontifex,
866 3177 903 3242 ad
930 3197 1030 3261 quem
1055 3178 1293 3242 recurrendum
1318 3194 1448 3260 semper
1472 3185 1520 3238 est
1547 3173 1578 3237 in
1604 3173 1684 3236 casi-

338 3279 396 3345 bus
421 3282 677 3370 extraodinariis,
702 3301 778 3347 cum
802 3284 1007 3348 adnotatione
1026 3281 1171 3348 omnium
1196 3280 1520 3347 circumstantiarum.
1548 3277 1682 3342 lnterim

337 3387 489 3454 standum
514 3388 576 3452 erit
600 3387 908 3474 praescriptionibus
926 3389 1046 3475 Synodi
1067 3389 1279 3456 Sutcbuensis
1298 3401 1329 3453 et
1347 3385 1552 3452 facultatibus
1568 3405 1584 3447 a
1602 3387 1634 3450 S.
1647 3388 1680 3450 C.

338 3495 379 3560 de
404 3497 499 3580 Prop.
528 3496 605 3561 11110
632 3496 741 3561 eidem
766 3497 835 3562 llic.
864 3501 923 3582 Ap.
953 3497 1139 3583 impertitis.
1166 3499 1327 3578 Cumque,
1349 3513 1387 3557 ex
1413 3493 1460 3556 eis
1484 3509 1565 3576 quae
1584 3488 1708 3555 babet,

339 3598 409 3666 vic.
436 3605 496 3686 dp.
526 3602 556 3665 in
584 3603 676 3666 tertia
700 3603 835 3668 secundi
860 3601 949 3668 dubii
975 3603 1176 3687 quaestione,
1196 3600 1346 3666 videatur
1370 3598 1462 3664 inniti
1487 3595 1683 3681 Apostolicis

252 3793 254 3796 Ι
339 3707 541 3774 facultatibus
575 3709 780 3794 dispensandi
816 3729 888 3774 cum
922 3709 1109 3775 infidelibus
1134 3710 1246 3796 plures
1270 3727 1398 3800 uxores¹
1417 3703 1620 3783 habentibus,
1646 3711 1684 3766 ut

339 3823 411 3900 post
443 3813 655 3899 Baptismum,
681 3835 777 3899 quam
803 3835 841 3880 ex
869 3816 931 3881 illis
957 3817 1143 3898 maluerint,
1162 3816 1187 3880 si
1206 3815 1301 3880 etiam
1326 3814 1391 3898 ipsa
1416 3811 1522 3878 [idelis
1547 3810 1612 3887 bat,
1633 3827 1684 3874 re·

339 3920 444 3985 tinere
469 3921 606 4006 possint,
621 3921 680 3987 nisi
706 3924 808 4009 prima
834 3923 977 4009 legitima
1002 3943 1086 3988 uxor
1110 3923 1250 3987 voluerit
1274 3921 1434 4001 converti,
1460 3929 1555 4002 atque
1572 3916 1605 3979 in
1622 3916 1684 3980 boc

340 4047 413 4092 casu
437 4027 587 4094 sufficere
612 4041 647 4094 111
673 4029 904 4114 interpelletur
927 4049 1005 4095 num
1033 4031 1111 4095 velit
1136 4027 1295 4113 converti,
1316 4029 1346 4092 S.
1363 4029 1484 4109 Cong.,
1511 4033 1684 4105 antequam

239 4131 241 4138 ’
338 4137 523 4222 propositae
549 4140 728 4223 quaestioni
747 4140 922 4226 quidquam
947 4140 1155 4226 respoudeat,
1183 4137 1291 4203 eidem
1310 4137 1378 4201 llic.
1400 4137 1457 4218 dp.
1475 4130 1685 4196 scribendum

340 4241 479 4324 censuit,
498 4253 532 4307 ut
550 4243 659 4308 allerat
678 4246 835 4310 rationem
859 4245 1028 4311 dubitandi
1053 4245 1137 4310 circa
1155 4261 1248 4309 usum
1274 4240 1463 4306 earumdem
1480 4238 1682 4304 facultatum.

340 4345 371 4411 Si
398 4365 475 4410 rero
500 4359 612 4431 agatur
637 4350 677 4414 de
703 4349 847 4435 legitima
860 4371 973 4454 'uxore
1000 4352 1030 4415 in
1055 4349 1240 4435 captivitate
1265 4347 1412 4423 detenta,
1438 4344 1496 4408 etsi
1517 4341 1684 4428 repudiata

340 4451 378 4516 ab
396 4453 496 4517 altero
520 4456 601 4536 viro,
623 4455 831 4521 instruendus
857 4458 919 4521 erit
944 4457 1141 4542 neophytus,
1162 4477 1195 4519 ac
1213 4451 1396 4518 monendus
1421 4463 1456 4516 ut
1481 4449 1622 4514 debitam
1638 4451 1686 4514 in-

340 4560 602 4647 terpellationem
627 4581 690 4626 non
715 4563 855 4646 omittat,
882 4584 896 4626 a
922 4583 982 4648 qua
1009 4574 1132 4628 tantum
1157 4561 1364 4647 dispensetur
1392 4557 1417 4622 si
1444 4555 1545 4622 adsint
1571 4575 1685 4641 supra-
