3674 5264
328 168 367 229 32

512 341 587 478 oi
631 341 683 478 a.
717 341 945 478 ninum
993 342 1489 484 concatenare

329 787 540 846 sonituram.
563 787 708 843 moretum
734 787 952 844 contractionis
977 789 1070 845 cultus
1096 790 1131 845 alr
1158 773 1365 868 immemorabili
1391 793 1514 860 tompore
1534 795 1671 862 praediti

418 891 480 936 ven.
500 889 583 933 corvo
602 875 648 932 nel
669 875 789 932 lanvino
808 875 947 932 secundoli
967 875 1094 946 professo
1112 877 1220 934 artinis
1238 871 1484 938 carthusianorum
1506 881 1586 938 testo
1606 896 1675 938 nnn·

419 966 528 1034 aurato.
610 1029 615 1036 ,

494 1135 556 1194 Die
581 1134 624 1191 14
644 1135 807 1192 Iontrrurii
829 1131 931 1192 1893.

421 1312 615 1380 Lanuinus
638 1329 658 1378 e
683 1309 913 1380 nobilissima
933 1311 1240 1378 Normannorum
1257 1307 1393 1380 familia
1419 1313 1611 1400 oriundus,
1636 1314 1679 1383 fi-

332 1419 547 1492 delissimus
563 1418 688 1487 Sancti
702 1417 899 1502 BrunoniS,
925 1417 1145 1486 Inst'tutoris
1165 1417 1312 1485 Ordinis
1329 1417 1674 1510 Canthusianorum,

331 1527 474 1612 SociuS,
492 1543 581 1594 cum
598 1525 678 1612 ipso
691 1525 826 1594 Sancto
840 1524 1053 1593 Patriarcha
1068 1525 1189 1593 Roma
1203 1524 1409 1612 discedens,
1424 1525 1470 1594 ad
1485 1526 1678 1598 Calabriae

331 1635 514 1703 Eremum
529 1632 766 1701 incolendam
784 1631 892 1700 venit.
917 1632 1057 1699 Tantae
1074 1629 1301 1699 auctoritatis
1317 1632 1418 1718 apud
1435 1632 1580 1702 Fideles
1596 1635 1679 1720 ipse

331 1740 407 1827 fuit,
431 1745 472 1808 ut
495 1738 721 1808 omniafere
745 1738 892 1825 negotia
916 1742 952 1806 et
967 1735 1240 1806 ecclesiasticas
1255 1739 1469 1825 provinciae
1486 1739 1680 1810 Calabriae
1732 1751 1742 1765 “
1806 1717 1807 1754 ³

332 1865 470 1916 causas
483 1845 630 1915 Summi
642 1843 840 1913 Pontifices
852 1845 893 1912 B:
905 1843 1083 1914 Urbanus
1096 1843 1296 1914 Secundus
1312 1850 1348 1914 et
1361 1845 1551 1916 paschalis
1564 1847 1679 1917 huius

331 1952 458 2022 itidem
482 1953 644 2021 nominis
669 1951 868 2020 Secundus
891 1950 960 2019 sibi
984 1949 1202 2038 delegarent
1218 1956 1254 2020 et
1269 1954 1552 2022 committerent.
1577 1953 1681 2023 Sedit

333 2061 433 2128 enim
463 2060 502 2126 in
530 2055 699 2128 Conciliis
726 2059 888 2144 Romae,
914 2057 1136 2142 Florentiae,
1170 2057 1382 2128 Guastallae
1411 2065 1447 2128 et
1474 2061 1676 2130 Beneventi

335 2167 485 2251 habitis,
518 2165 582 2234 nbi
606 2167 686 2234 eius
710 2164 877 2234 doctrina
901 2169 937 2232 et
959 2164 1139 2250 sapientia
1165 2165 1302 2233 mirum
1328 2166 1364 2233 in
1389 2166 1547 2235 modum
1574 2185 1682 2254 prae

332 2272 443 2344 fulsit.
468 2274 637 2344 Tandem
654 2292 754 2342 anno
771 2272 967 2340 millesimo
984 2272 1188 2342 centesimo
1204 2273 1386 2360 vigesimo
1403 2273 1535 2360 primo,
1557 2293 1678 2361 quum

333 2381 409 2452 iam
433 2401 590 2450 cursum
614 2381 710 2449 vitae
733 2385 1053 2464 consummasset,
1083 2383 1160 2448 tam
1185 2399 1323 2467 magna
1351 2380 1554 2449 sanctitatis
1576 2378 1677 2450 fama

335 2489 383 2560 ad
406 2489 555 2559 caelum
579 2487 747 2573 evolavit,
773 2495 813 2556 ut
829 2488 909 2556 eius
926 2505 1077 2556 sacrum
1096 2505 1235 2572 corpus
1259 2507 1335 2556 una
1351 2489 1463 2556 simul
1478 2506 1567 2556 cum
1585 2507 1678 2557 exu-

334 2598 404 2666 viis
428 2597 551 2666 Sancti
574 2596 761 2665 Brunonis
785 2595 995 2682 depositum
1016 2597 1051 2662 et
1065 2593 1253 2662 inclusum
1271 2593 1387 2679 fuerit,
1413 2613 1580 2682 quocum
1603 2596 1680 2664 huc

333 2723 458 2792 usque
482 2702 758 2790 religiosissime
782 2705 1008 2770 asservatur.
1034 2701 1093 2768 Sic
1110 2700 1248 2769 tactum
1265 2705 1321 2768 est
1344 2706 1384 2769 ut
1407 2702 1515 2771 Pater
1532 2702 1682 2772 Ordinis

336 2811 569 2880 Carthusiani
593 2814 629 2878 et
652 2810 732 2878 eius
755 2810 792 2875 in
818 2808 962 2877 Christo
985 2805 1085 2876 filius
1109 2808 1397 2895 primogenitus,
1422 2809 1592 2878 eiusdem
1617 2809 1680 2878 Or-

335 2917 431 2985 dinis
455 2915 636 2986 mirificus
659 2916 889 3003 propagator
913 2921 948 2984 et
973 2916 1117 3000 Rector,
1145 2915 1194 2982 uti
1214 2915 1251 2982 in
1268 2915 1350 3000 vita,
1376 2915 1422 2984 ita
1447 2915 1538 2984 etin
1558 2921 1682 2985 morte

335 3042 411 3093 non
436 3025 510 3092 sint
532 3022 703 3109 separati.
1290 3071 1294 3084 .

427 3131 556 3201 Cultus
580 3149 670 3199 vero
695 3129 969 3199 ecclesiasticus
993 3149 1078 3216 erga
1106 3129 1263 3196 Beatum
1282 3128 1496 3196 Lanuinum
1521 3129 1607 3198 inde
1630 3129 1682 3198 ab

336 3240 417 3309 eius
441 3238 602 3328 glorioso
627 3237 729 3304 obitu
752 3237 845 3304 inter
863 3235 1006 3304 Fideles
1030 3234 1244 3302 mirabiliter
1264 3239 1437 3320 exoras
1455 3256 1573 3333 quum
1591 3255 1681 3304 non-

336 3346 428 3414 dum
452 3345 612 3432 legitime
637 3345 849 3431 recognitus
874 3342 1054 3428 usquein
1080 3341 1378 3427 praesentiarum
1402 3339 1526 3427 fuerit;
1555 3345 1681 3411 Rmiis

335 3454 442 3521 Dnus
466 3449 634 3537 Raphael
651 3451 873 3520 Morisciano
890 3449 1095 3517 hodiernus
1111 3447 1321 3532 Episcopus
1338 3447 1559 3534 Squillacen.
1584 3449 1682 3517 votis

337 3557 559 3630 eorumdem
591 3557 769 3626 Fidelinm'
802 3557 870 3624 sibi
903 3555 1129 3624 commissae
1157 3554 1380 3622 Dioeceseos
1404 3553 1678 3641 satisfacturus,

335 3666 433 3734 illius
463 3663 786 3734 confirmationem
820 3663 1026 3732 humillime
1055 3661 1241 3746 expetivit.
1280 3663 1486 3748 Eapropter
1509 3681 1627 3750 quum
1657 3682 1679 3732 a

337 3794 400 3843 me
422 3772 655 3860 infrascripto
679 3771 862 3843 Cardinali
891 3772 1028 3840 Sacrae
1052 3771 1206 3838 Rituum
1231 3769 1514 3858 congregationi
1538 3770 1683 3842 Praefe-

337 3885 406 3968 ct0,
436 3881 580 3950 Causae
608 3880 782 3964 Ponente,
799 3879 835 3946 in
853 3877 1054 3946 Ordinariis
1071 3877 1209 3946 Sacrae
1237 3876 1355 3963 ipsius
1376 3873 1681 3966 Congregationis

337 3987 509 4072 Comitiis,
534 3987 753 4074 subsignata
772 3985 835 4066 ¹die
853 3985 901 4053 ad
919 3985 1142 4053 Vaticanum
1167 3985 1395 4070 coadunatis
1420 4003 1587 4071 sequens
1610 3986 1683 4052 Du·

336 4095 442 4162 bium
473 4093 748 4162 discutiendum
777 4091 1010 4178 propositum
1034 4089 1159 4174 luerit,
1191 4089 1384 4156 nimirum:
1413 4089 1474 4157 Aa
1497 4089 1681 4159 scatentia
1806 4152 1807 4178 ,

332 4199 521 4289 praedicti
549 4199 639 4270 Rari
662 4197 837 4288 Episcopi
860 4196 1122 4286 Sqm'llaccasis
1151 4216 1267 4285 stipor
1290 4195 1392 4264 cultu
1423 4196 1471 4266 ab
1497 4195 1684 4266 immemo-
1724 4195 1728 4207 '
1806 4183 1807 4230 ³

338 4305 450 4376 rabili
481 4311 646 4396 tompore
673 4303 860 4395 praestito
886 4306 1001 4372 Scrco
1025 4303 1098 4372 Dei
1121 4302 1313 4388 Laevina,
1348 4323 1414 4371 scu
1446 4321 1681 4393 superornati

338 4419 500 4503 eoeccplo
524 4435 548 4482 o
570 4412 739 4482 Decretis
755 4411 788 4501 s.
807 4432 838 4480 r.
859 4410 998 4482 Ur²boni
1016 4410 1109 4478 VIII
1125 4411 1172 4480 sit
1188 4410 1454 4500 confirmanda
1477 4408 1620 4480 incuso
1644 4415 1685 4478 ct

338 4519 391 4588 od
414 4520 592 4609 affectant
616 4521 662 4590 ilc
685 4540 759 4609 qino
783 4519 932 4609 cipitur?
960 4520 1040 4587 Emi
1066 4524 1101 4588 et
1124 4520 1210 4588 Rmi
1234 4520 1362 4589 Patres
1387 4519 1510 4588 Sacris
1534 4517 1685 4587 tuendis
