3694 5230
731 301 895 346 srnusnrx
918 303 952 346 u.
1455 286 1514 349 189

172 391 344 484 plectenda
369 410 402 464 ιι
425 399 556 485 pacifica
581 401 818 471 cohabitatione
842 402 1085 484 permittenda3
1110 411 1197 487 patet
1223 406 1254 467 3.
1281 403 1409 469 nullum
1435 403 1511 470 huic

117 565 122 580 ,
171 502 343 591 privilegio
368 525 437 570 esse
462 525 556 591 posse
583 508 690 572 locum
714 507 739 570 si
764 508 858 574 ambo
882 509 976 573 simul
1003 506 1142 594 legitimi
1169 507 1323 592 coniuges
1348 508 1387 575 ad
1413 509 1511 575 iidem

172 621 417 677 convertentur.
441 612 531 689 Quod
556 622 665 677 autem
690 613 833 698 pertinet
856 613 894 679 ad
921 613 1234 698 interpellationem,
1254 613 1319 679 duo
1344 627 1513 701 praeterea

171 716 349 784 adnotanda
373 728 467 795 sunt;
493 719 648 804 primum,
674 720 857 806 polygamis
882 719 1072 786 infidelibus
1096 721 1299 786 christianam
1319 721 1512 807 religionem

170 823 442 910 amplectentibus
465 825 560 891 simul
587 844 661 891 cum
685 847 747 893 una
771 846 812 892 ex
829 827 1020 894 concubinis
1037 829 1102 893 suis
1119 827 1255 893 concedi
1276 826 1313 892 ab
1328 829 1510 914 Apostolica

170 931 269 1012 Sede,
288 943 324 995 ut
342 932 562 999 tantummodo
588 932 670 998 circa
692 932 913 998 conversionis
931 933 1135 1019 propositum
1151 932 1361 1019 interpellare
1380 944 1512 999 tenean-

171 1048 241 1114 tur;
266 1036 418 1120 alterum,
445 1057 519 1104 cum
545 1037 729 1104 inhdelihus
754 1035 1017 1124 quibuscumque
1040 1039 1079 1104 ad
1104 1038 1204 1106 fidem
1231 1039 1395 1104 conversis
1416 1057 1510 1124 posse

170 1163 208 1208 ex
235 1143 382 1209 eiusdem
400 1145 602 1230 Apostolicae
620 1145 710 1212 Sedis
731 1145 921 1212 auctoritate
947 1145 1139 1231 dispensari,
1157 1157 1193 1211 ut
1212 1146 1510 1232 interpellationem

168 1261 340 1335 utramque
364 1251 525 1334 omittant,
550 1251 678 1336 quoties
702 1252 778 1318 haec
805 1261 859 1317 aut
884 1250 955 1318 lieri
981 1251 1085 1337 reipsa
1109 1263 1264 1336 nequeat,
1283 1261 1337 1319 aut
1358 1251 1383 1315 si
1401 1250 1509 1336 heret,

167 1357 289 1423 nullius
313 1357 457 1423 utilitatis
483 1357 552 1422 lore
577 1367 775 1445 reputetur,
802 1357 890 1424 iuxta
926 1377 963 1422 ea
997 1376 1079 1443 quae
1112 1379 1128 1421 a
1159 1378 1184 1422 s.
1212 1377 1257 1422 m.
1284 1357 1403 1423 Bened.
1428 1360 1506 1424 xlv.

167 1463 223 1530 lib.
253 1468 305 1546 tt,
332 1483 399 1552 cap.
417 1469 472 1547 Sl,
498 1464 540 1531 ιι
566 1464 694 1551 Synodo
720 1465 908 1531 dioecesana
933 1464 1116 1530 traduntur.

258 1575 306 1638 Ex
330 1571 486 1637 doctrinis
510 1571 667 1637 hactenns
693 1553 861 1638 declaratis
886 1581 996 1659 aperte
1016 1571 1087 1637 lluit
1104 1570 1269 1657 responsio
1287 1569 1325 1636 ad
1343 1571 1508 1656 proposita

167 1679 276 1746 dubia.
305 1677 432 1743 Etenim
457 1677 488 1742 iu
509 1681 617 1761 primo
641 1678 737 1743 dubio
762 1679 874 1764 plures
899 1678 974 1743 illae
998 1677 1166 1761 mulieres,
1195 1697 1271 1762 quas
1292 1676 1392 1742 habet
1414 1675 1507 1762 poly-

165 1805 293 1872 gamus,
320 1783 429 1849 uxoris
452 1782 584 1848 nomine
610 1801 722 1849 omnes
753 1782 938 1849 indicantur
969 1803 1147 1868 omnesque
1180 1784 1294 1850 ductae
1326 1783 1425 1850 luisse
1461 1783 1509 1850 di-

165 1899 285 1955 cuntur
310 1886 425 1952 iisdem
449 1885 718 1953 solemnitatibus.
751 1890 833 1952 Cum
856 1885 956 1972 igitur
980 1888 1178 1972 regulariter
1208 1884 1373 1971 loquendo
1403 1886 1508 1973 prima

166 2005 294 2059 tantum
320 2011 361 2058 ex
386 1993 431 2057 eis
455 1993 495 2056 sit
520 1991 664 2076 legitima
700 2013 801 2077 uxor,
826 1993 907 2058 hanc
936 1993 1129 2079 polygamus
1158 2004 1230 2080 post
1261 1991 1508 2058 conversionem

163 2119 256 2165 suam
280 2099 425 2164 retinere
451 2098 631 2164 certissime
657 2098 779 2183 debet,
805 2099 831 2164 si
857 2110 889 2165 ιι
915 2098 980 2186 ipsa
1011 2099 1158 2164 converti
1186 2098 1290 2181 velit,
1316 2098 1369 2162 vel
1393 2099 1508 2165 saltem

161 2204 300 2290 pacifice
324 2204 516 2272 cohabitare.
552 2206 643 2282 Quod
667 2205 693 2270 si
717 2206 799 2271 nolit
830 2206 1001 2290 converti,
1026 2216 1102 2272 tunc
1134 2225 1210 2271 sanc
1236 2207 1357 2291 poterit
1385 2204 1435 2269 vir
1459 2205 1506 2270 uti
1585 2221 1590 2232 ’

161 2313 339 2398 privilegio
363 2312 514 2395 Paulino,
541 2324 573 2377 et
597 2313 720 2396 eligere
745 2313 831 2378 inter
854 2313 929 2378 alias
953 2331 1049 2399 quam
1073 2313 1242 2396 maluerit,
1268 2311 1448 2376 dummodo
1474 2321 1508 2375 et

162 2417 228 2503 ipsa
257 2416 363 2483 fidelis
389 2418 442 2483 liat
465 2429 496 2482 ιι
522 2429 699 2484 renovetur
724 2438 898 2484 consensus
922 2437 982 2504 per
1005 2419 1104 2484 verba
1128 2421 1169 2484 de
1186 2417 1361 2504 praesenti.
1389 2417 1452 2484 Sed
1471 2416 1502 2480 in

162 2523 342 2610 hypothesi
364 2525 502 2588 secundo
527 2525 622 2589 dubio
648 2544 825 2611 expressa,
852 2525 939 2609 quod
969 2525 1122 2591 nimirum
1147 2525 1196 2590 vir
1220 2522 1336 2591 debeat
1362 2523 1505 2588 retinere
1554 2601 1557 2606 Ι

161 2629 310 2715 priorem
336 2648 484 2713 uxorem,
511 2640 544 2694 et
569 2641 676 2696 tamen
702 2630 735 2698 id
760 2631 877 2716 exequi
904 2629 1061 2696 obstinate
1085 2641 1228 2713 recuset,
1247 2633 1378 2695 omnino
1396 2647 1507 2694 arcen-

162 2732 224 2797 dus
250 2744 301 2796 est
326 2750 341 2795 a
367 2731 538 2816 baptismo,
554 2751 652 2816 quem
676 2751 850 2818 perperam
866 2732 993 2798 sincero
1010 2733 1116 2798 animo
1134 2732 1321 2798 desiderare
1337 2731 1503 2815 asseritur,

161 2835 432 2922 quandoquidem
456 2837 605 2904 voluntas
629 2839 826 2925 persistendi
851 2839 883 2904 in
908 2849 1043 2927 peccato
1068 2839 1232 2904 conciliari
1262 2850 1403 2923 nequeat
1431 2856 1506 2903 cnm

159 2946 288 3012 sincero
314 2945 533 3009 conversionis
557 2955 589 3010 et
614 2945 763 3030 baptismi
788 2945 965 3013 desiderio.
990 2945 1176 3012 Absurdum
1201 2956 1310 3011 autem
1336 2953 1384 3008 est
1409 2962 1507 3028 quae-

159 3073 234 3118 rere
259 3071 300 3117 an
324 3051 439 3116 saltem
463 3051 504 3117 ob
528 3061 690 3137 speratam
714 3051 894 3117 multorum
919 3037 1056 3117 aliorum
1082 3051 1327 3118 conversionem
1353 3048 1504 3135 baptizari

157 3161 275 3247 possit,
303 3167 458 3224 mouente
482 3176 543 3242 per
559 3159 752 3243 Apostolum
767 3157 901 3223 Paulum
917 3157 1039 3244 Spiritu
1056 3160 1173 3224 Sancto
1189 3175 1254 3222 non
1273 3174 1343 3220 esse
1360 3153 1505 3220 iacienda

158 3267 242 3332 mala
268 3277 305 3330 nt
329 3263 481 3330 eveniant
505 3263 598 3329 bona.
637 3267 812 3350 Propterea
843 3282 903 3328 uec
935 3264 966 3328 in
996 3263 1304 3329 catechumenorum
1330 3277 1504 3324 numerum

159 3373 262 3460 (quod
282 3376 381 3438 tertio
393 3371 491 3437 dubio
503 3371 701 3458 postulatur)
719 3370 869 3457 pertinax
885 3369 1069 3436 huiusmodi
1086 3370 1277 3455 polygamus
1296 3365 1505 3452 recipiendus

158 3491 224 3558 est;
252 3480 286 3545 id
313 3478 400 3544 enim
424 3488 457 3543 et
480 3477 654 3544 christiano
680 3477 815 3561 nomini,
841 3476 1007 3564 baptizatis
1030 3485 1128 3562 atque
1155 3475 1397 3542 cathecumenis
1425 3472 1503 3537 olim

157 3584 340 3666 communi,
367 3583 511 3651 dedecus
534 3591 737 3668 aspergeret,
765 3591 797 3647 et
821 3581 1040 3668 relragaretur
1066 3580 1284 3646 sanctissimae
1311 3577 1513 3668 disciplinae

156 3692 350 3775 Ecclesiae,
376 3709 458 3776 quae
483 3688 619 3754 abusum
643 3687 817 3755 differendi
844 3686 1040 3773 baptismatis
1071 3704 1174 3772 usque
1203 3685 1241 3751 ad
1268 3685 1392 3750 exitum
1416 3684 1499 3747 vitae
1532 3742 1535 3747 .

155 3797 348 3885 gravissime
372 3815 504 3882 semper
528 3792 723 3881 improbavit
747 3804 779 3858 ιι
804 3793 961 3859 detestata
986 3803 1046 3858 est.
1081 3795 1151 3859 Nou
1176 3801 1283 3856 tamen
1307 3787 1498 3854 missionarii

155 3897 321 3972 desistere
345 3902 469 3969 debent
493 3922 508 3966 a
532 3902 656 3968 miseris
673 3898 763 3967 hisce
780 3901 963 3969 hominibus
981 3899 1117 3965 inomni
1135 3896 1289 3984 patientia
1306 3905 1338 3960 et
1353 3892 1503 3959 doctrina

154 4008 372 4094 instruendis,
399 4019 431 4073 et
457 4009 566 4073 maiori
592 4028 652 4094 qua
675 4017 830 4095 poterunt
847 4005 984 4072 efficacia
1001 4004 1039 4069 ad
1056 4003 1237 4090 perlectam
1254 4000 1502 4067 couversionem

156 4117 360 4185 excitandis:
379 4135 487 4200 neque
504 4115 643 4180 vetitum
661 4124 723 4198 est,
744 4113 915 4199 quominus
932 4111 1032 4177 iidem
1047 4110 1170 4197 possint
1188 4108 1219 4175 in
1236 4108 1371 4174 articulo
1388 4103 1501 4170 mortis

153 4225 314 4314 baptizari
338 4223 365 4288 si
389 4242 467 4289 vere
492 4221 640 4308 dispositi
668 4220 799 4288 luerint.
830 4221 995 4297 Quartum
1010 4217 1146 4284 debitam
1164 4217 1268 4282 oritur
1286 4233 1326 4280 ex
1343 4213 1419 4278 lalsa
1434 4211 1501 4299 pri-

153 4331 269 4419 vilegii
295 4328 419 4396 Paulini
443 4329 733 4416 interpretatione,
759 4327 846 4412 quod
870 4325 1018 4414 prolecto
1043 4344 1108 4391 nou
1130 4321 1279 4389 servandi
1305 4321 1363 4388 sed
1387 4328 1499 4384 contra

153 4435 361 4504 dissolvendi
386 4435 507 4500 vinculi
531 4433 708 4521 coniugalis
741 4433 927 4499 laenitatem
957 4431 1123 4520 impertit,
1150 4449 1211 4495 nec
1240 4427 1434 4511 cuicumque
1461 4443 1502 4490 ex

153 4541 325 4632 polygami
350 4542 504 4607 uxoribus
529 4541 698 4628 competit,
724 4541 781 4607 sed
807 4539 861 4606 uni
887 4540 1054 4606 dumtaxat
1088 4537 1252 4624 legitimae
1286 4553 1367 4619 quae
1396 4531 1501 4620 prima
