<?xml version="1.0" encoding="UTF-8"?>
<!DOCTYPE html PUBLIC "-//W3C//DTD XHTML 1.0 Transitional//EN"
    "http://www.w3.org/TR/xhtml1/DTD/xhtml1-transitional.dtd">
<html xmlns="http://www.w3.org/1999/xhtml" xml:lang="en" lang="en">
 <head>
  <title>
</title>
<meta http-equiv="Content-Type" content="text/html;charset=utf-8" />
  <meta name='ocr-system' content='tesseract 3.04.00' />
  <meta name='ocr-capabilities' content='ocr_page ocr_carea ocr_par ocr_line ocrx_word'/>
</head>
<body>
  <div class='ocr_page' id='page_1' title='image "actasanctaesedi01popegoog_0050.png"; bbox 0 0 3674 5264; ppageno 0'>
   <div class='ocr_carea' id='block_1_1' title="bbox 715 254 1530 316">
    <p class='ocr_par' dir='ltr' id='par_1_1' title="bbox 715 254 1530 316">
     <span class='ocr_line' id='line_1_1' title="bbox 715 254 1530 316; baseline 0.005 -4"><span class='ocrx_word' id='word_1_1' title='bbox 715 268 755 312; x_wconf 83' lang='lat' dir='ltr'>ax</span> <span class='ocrx_word' id='word_1_2' title='bbox 778 267 804 312; x_wconf 88' lang='lat' dir='ltr'>s.</span> <span class='ocrx_word' id='word_1_3' title='bbox 821 269 850 314; x_wconf 88' lang='lat' dir='ltr'>c.</span> <span class='ocrx_word' id='word_1_4' title='bbox 869 269 989 314; x_wconf 83' lang='lat' dir='ltr'>mruuu</span> <span class='ocrx_word' id='word_1_5' title='bbox 1487 254 1530 316; x_wconf 77' lang='lat' dir='ltr'>ta</span> 
     </span>
    </p>
   </div>
   <div class='ocr_carea' id='block_1_2' title="bbox 173 368 1615 4636">
    <p class='ocr_par' dir='ltr' id='par_1_2' title="bbox 176 368 1529 995">
     <span class='ocr_line' id='line_1_2' title="bbox 176 368 1529 458; baseline 0.002 -20"><span class='ocrx_word' id='word_1_6' title='bbox 176 368 328 438; x_wconf 91' lang='lat' dir='ltr'>Bonum</span> <span class='ocrx_word' id='word_1_7' title='bbox 354 369 487 438; x_wconf 83' lang='lat' dir='ltr'>Christi</span> <span class='ocrx_word' id='word_1_8' title='bbox 512 368 681 455; x_wconf 91' lang='lat' dir='ltr'>odorem,</span> <span class='ocrx_word' id='word_1_9' title='bbox 706 386 820 456; x_wconf 89' lang='lat' dir='ltr'>quem</span> <span class='ocrx_word' id='word_1_10' title='bbox 846 369 938 438; x_wconf 89' lang='lat' dir='ltr'>Ven.</span> <span class='ocrx_word' id='word_1_11' title='bbox 964 369 1161 438; x_wconf 91' lang='lat' dir='ltr'>Lanuinus</span> <span class='ocrx_word' id='word_1_12' title='bbox 1185 370 1441 458; x_wconf 80' lang='lat' dir='ltr'>undequaque</span> <span class='ocrx_word' id='word_1_13' title='bbox 1465 369 1529 440; x_wconf 85' lang='lat' dir='ltr'>dif-</span> 
     </span>
     <span class='ocr_line' id='line_1_3' title="bbox 177 470 1526 564; baseline 0.004 -22"><span class='ocrx_word' id='word_1_14' title='bbox 177 472 362 546; x_wconf 86' lang='lat' dir='ltr'>fandebat</span> <span class='ocrx_word' id='word_1_15' title='bbox 392 470 523 546; x_wconf 88' lang='lat' dir='ltr'>oculos</span> <span class='ocrx_word' id='word_1_16' title='bbox 547 474 801 561; x_wconf 68' lang='lat' dir='ltr'>multitudinis</span> <span class='ocrx_word' id='word_1_17' title='bbox 829 479 1068 562; x_wconf 79' lang='lat' dir='ltr'>mentemque</span> <span class='ocrx_word' id='word_1_18' title='bbox 1099 479 1317 564; x_wconf 75' lang='lat' dir='ltr'>Magnetum</span> <span class='ocrx_word' id='word_1_19' title='bbox 1354 479 1401 547; x_wconf 91' lang='lat' dir='ltr'>ad</span> <span class='ocrx_word' id='word_1_20' title='bbox 1437 497 1526 548; x_wconf 93' lang='lat' dir='ltr'>eum</span> 
     </span>
     <span class='ocr_line' id='line_1_4' title="bbox 178 583 1527 673; baseline 0.001 -19"><span class='ocrx_word' id='word_1_21' title='bbox 178 587 373 669; x_wconf 88' lang='lat' dir='ltr'>convertit,</span> <span class='ocrx_word' id='word_1_22' title='bbox 398 603 562 672; x_wconf 92' lang='lat' dir='ltr'>quorum</span> <span class='ocrx_word' id='word_1_23' title='bbox 586 584 688 672; x_wconf 91' lang='lat' dir='ltr'>prior</span> <span class='ocrx_word' id='word_1_24' title='bbox 712 583 763 652; x_wconf 91' lang='lat' dir='ltr'>uti</span> <span class='ocrx_word' id='word_1_25' title='bbox 787 588 960 652; x_wconf 90' lang='lat' dir='ltr'>sanctum</span> <span class='ocrx_word' id='word_1_26' title='bbox 987 584 1247 672; x_wconf 88' lang='lat' dir='ltr'>venerabatur,</span> <span class='ocrx_word' id='word_1_27' title='bbox 1273 585 1407 673; x_wconf 92' lang='lat' dir='ltr'>aliique</span> <span class='ocrx_word' id='word_1_28' title='bbox 1422 587 1527 656; x_wconf 88' lang='lat' dir='ltr'>omni</span> 
     </span>
     <span class='ocr_line' id='line_1_5' title="bbox 180 692 1526 782; baseline 0.002 -22"><span class='ocrx_word' id='word_1_29' title='bbox 180 692 354 782; x_wconf 86' lang='lat' dir='ltr'>obsequii</span> <span class='ocrx_word' id='word_1_30' title='bbox 378 710 518 780; x_wconf 80' lang='lat' dir='ltr'>genere</span> <span class='ocrx_word' id='word_1_31' title='bbox 541 709 628 760; x_wconf 91' lang='lat' dir='ltr'>eum</span> <span class='ocrx_word' id='word_1_32' title='bbox 655 692 994 780; x_wconf 83' lang='lat' dir='ltr'>prosequebantur,</span> <span class='ocrx_word' id='word_1_33' title='bbox 1019 692 1065 760; x_wconf 91' lang='lat' dir='ltr'>ita</span> <span class='ocrx_word' id='word_1_34' title='bbox 1098 697 1139 760; x_wconf 92' lang='lat' dir='ltr'>ut</span> <span class='ocrx_word' id='word_1_35' title='bbox 1169 693 1217 761; x_wconf 91' lang='lat' dir='ltr'>ad</span> <span class='ocrx_word' id='word_1_36' title='bbox 1253 694 1526 764; x_wconf 80' lang='lat' dir='ltr'>ostendendam</span> 
     </span>
     <span class='ocr_line' id='line_1_6' title="bbox 179 799 1529 890; baseline 0 -20"><span class='ocrx_word' id='word_1_37' title='bbox 179 803 359 890; x_wconf 75' lang='lat' dir='ltr'>operibus</span> <span class='ocrx_word' id='word_1_38' title='bbox 383 819 519 871; x_wconf 91' lang='lat' dir='ltr'>eorum</span> <span class='ocrx_word' id='word_1_39' title='bbox 543 801 803 886; x_wconf 87' lang='lat' dir='ltr'>reverentiam,</span> <span class='ocrx_word' id='word_1_40' title='bbox 829 799 950 870; x_wconf 88' lang='lat' dir='ltr'>eidem</span> <span class='ocrx_word' id='word_1_41' title='bbox 967 800 1137 870; x_wconf 91' lang='lat' dir='ltr'>Lanuino</span> <span class='ocrx_word' id='word_1_42' title='bbox 1155 805 1191 869; x_wconf 91' lang='lat' dir='ltr'>et</span> <span class='ocrx_word' id='word_1_43' title='bbox 1207 801 1241 868; x_wconf 94' lang='lat' dir='ltr'>in</span> <span class='ocrx_word' id='word_1_44' title='bbox 1255 801 1430 870; x_wconf 89' lang='lat' dir='ltr'>solatium</span> <span class='ocrx_word' id='word_1_45' title='bbox 1444 804 1529 874; x_wconf 86' lang='lat' dir='ltr'>eius</span> 
     </span>
     <span class='ocr_line' id='line_1_7' title="bbox 178 906 1413 995; baseline -0.005 -13"><span class='ocrx_word' id='word_1_46' title='bbox 178 911 497 982; x_wconf 86' lang='lat' dir='ltr'>Monasteriorum</span> <span class='ocrx_word' id='word_1_47' title='bbox 523 906 751 995; x_wconf 75' lang='lat' dir='ltr'>quamplura</span> <span class='ocrx_word' id='word_1_48' title='bbox 775 907 995 994; x_wconf 89' lang='lat' dir='ltr'>temporalia</span> <span class='ocrx_word' id='word_1_49' title='bbox 1019 907 1118 976; x_wconf 85' lang='lat' dir='ltr'>bona</span> <span class='ocrx_word' id='word_1_50' title='bbox 1143 909 1242 976; x_wconf 91' lang='lat' dir='ltr'>dono</span> <span class='ocrx_word' id='word_1_51' title='bbox 1266 907 1413 978; x_wconf 89' lang='lat' dir='ltr'>dedere.</span> 
     </span>
    </p>

    <p class='ocr_par' dir='ltr' id='par_1_3' title="bbox 178 1012 1615 1318">
     <span class='ocr_line' id='line_1_8' title="bbox 248 1012 1615 1115; baseline -0.007 -27"><span class='ocrx_word' id='word_1_52' title='bbox 248 1021 353 1100; x_wconf 83' lang='lat' dir='ltr'>Quae</span> <span class='ocrx_word' id='word_1_53' title='bbox 377 1017 502 1086; x_wconf 91' lang='lat' dir='ltr'>omnia</span> <span class='ocrx_word' id='word_1_54' title='bbox 528 1015 704 1103; x_wconf 88' lang='lat' dir='ltr'>leguntur</span> <span class='ocrx_word' id='word_1_55' title='bbox 727 1015 765 1082; x_wconf 95' lang='lat' dir='ltr'>in</span> <span class='ocrx_word' id='word_1_56' title='bbox 789 1012 954 1101; x_wconf 84' lang='lat' dir='ltr'>praelata</span> <span class='ocrx_word' id='word_1_57' title='bbox 978 1013 1102 1084; x_wconf 88' lang='lat' dir='ltr'>notitia</span> <span class='ocrx_word' id='word_1_58' title='bbox 1126 1016 1394 1102; x_wconf 88' lang='lat' dir='ltr'>compendiosa</span> <span class='ocrx_word' id='word_1_59' title='bbox 1429 1017 1526 1084; x_wconf 83' lang='lat' dir='ltr'>Ven.</span> <span class='ocrx_word' id='word_1_60' title='bbox 1610 1098 1615 1115; x_wconf 69' lang='lat'><em>‚</em></span> 
     </span>
     <span class='ocr_line' id='line_1_9' title="bbox 178 1119 1540 1211; baseline -0.003 -18"><span class='ocrx_word' id='word_1_61' title='bbox 178 1123 348 1209; x_wconf 86' lang='lat' dir='ltr'>Lanuini,</span> <span class='ocrx_word' id='word_1_62' title='bbox 373 1142 471 1211; x_wconf 89' lang='lat' dir='ltr'>quae</span> <span class='ocrx_word' id='word_1_63' title='bbox 495 1141 545 1191; x_wconf 81' lang='lat' dir='ltr'>ex</span> <span class='ocrx_word' id='word_1_64' title='bbox 569 1121 804 1191; x_wconf 86' lang='lat' dir='ltr'>documentis</span> <span class='ocrx_word' id='word_1_65' title='bbox 830 1119 866 1188; x_wconf 90' lang='lat' dir='ltr'>in</span> <span class='ocrx_word' id='word_1_66' title='bbox 891 1120 1068 1190; x_wconf 88' lang='lat' dir='ltr'>Archivio</span> <span class='ocrx_word' id='word_1_67' title='bbox 1084 1121 1231 1190; x_wconf 85' lang='lat' dir='ltr'>Ordinis</span> <span class='ocrx_word' id='word_1_68' title='bbox 1246 1123 1450 1192; x_wconf 86' lang='lat' dir='ltr'>asservatis</span> <span class='ocrx_word' id='word_1_69' title='bbox 1464 1122 1540 1191; x_wconf 77' lang='lat' dir='ltr'>da.</span> 
     </span>
     <span class='ocr_line' id='line_1_10' title="bbox 181 1228 1039 1318; baseline -0.001 -21"><span class='ocrx_word' id='word_1_70' title='bbox 181 1234 358 1318; x_wconf 88' lang='lat' dir='ltr'>prompta</span> <span class='ocrx_word' id='word_1_71' title='bbox 381 1228 458 1297; x_wconf 88' lang='lat' dir='ltr'>luit.</span> <span class='ocrx_word' id='word_1_72' title='bbox 1037 1258 1039 1263; x_wconf 96' lang='lat'>·</span> 
     </span>
    </p>

    <p class='ocr_par' dir='ltr' id='par_1_4' title="bbox 178 1332 1568 1634">
     <span class='ocr_line' id='line_1_11' title="bbox 246 1332 1527 1424; baseline -0.002 -18"><span class='ocrx_word' id='word_1_73' title='bbox 246 1337 404 1424; x_wconf 83' lang='lat' dir='ltr'>Expleto</span> <span class='ocrx_word' id='word_1_74' title='bbox 428 1337 509 1406; x_wconf 72' lang='lat' dir='ltr'>eltis</span> <span class='ocrx_word' id='word_1_75' title='bbox 532 1336 627 1406; x_wconf 89' lang='lat' dir='ltr'>vitae</span> <span class='ocrx_word' id='word_1_76' title='bbox 651 1335 798 1404; x_wconf 88' lang='lat' dir='ltr'>mortali</span> <span class='ocrx_word' id='word_1_77' title='bbox 821 1332 1018 1418; x_wconf 75' lang='lat' dir='ltr'>curriculo</span> <span class='ocrx_word' id='word_1_78' title='bbox 1045 1335 1137 1404; x_wconf 89' lang='lat' dir='ltr'>Ven.</span> <span class='ocrx_word' id='word_1_79' title='bbox 1163 1334 1356 1404; x_wconf 87' lang='lat' dir='ltr'>Lanuinus</span> <span class='ocrx_word' id='word_1_80' title='bbox 1392 1335 1527 1404; x_wconf 85' lang='lat' dir='ltr'>Sacra·</span> 
     </span>
     <span class='ocr_line' id='line_1_12' title="bbox 180 1439 1530 1529; baseline -0.003 -15"><span class='ocrx_word' id='word_1_81' title='bbox 180 1445 316 1516; x_wconf 90' lang='lat' dir='ltr'>mentis</span> <span class='ocrx_word' id='word_1_82' title='bbox 339 1445 526 1515; x_wconf 79' lang='lat' dir='ltr'>Ecclesiae</span> <span class='ocrx_word' id='word_1_83' title='bbox 551 1441 721 1529; x_wconf 68' lang='lat' dir='ltr'>refectus</span> <span class='ocrx_word' id='word_1_84' title='bbox 747 1445 858 1528; x_wconf 90' lang='lat' dir='ltr'>atque</span> <span class='ocrx_word' id='word_1_85' title='bbox 881 1439 975 1509; x_wconf 90' lang='lat' dir='ltr'>inter</span> <span class='ocrx_word' id='word_1_86' title='bbox 998 1440 1188 1527; x_wconf 84' lang='lat' dir='ltr'>lacrymas</span> <span class='ocrx_word' id='word_1_87' title='bbox 1223 1441 1392 1510; x_wconf 92' lang='lat' dir='ltr'>omnium</span> <span class='ocrx_word' id='word_1_88' title='bbox 1428 1440 1530 1510; x_wconf 89' lang='lat' dir='ltr'>Con—</span> 
     </span>
     <span class='ocr_line' id='line_1_13' title="bbox 178 1537 1568 1634; baseline -0.004 -14"><span class='ocrx_word' id='word_1_89' title='bbox 178 1550 339 1622; x_wconf 86' lang='lat' dir='ltr'>lratrum</span> <span class='ocrx_word' id='word_1_90' title='bbox 363 1569 463 1622; x_wconf 90' lang='lat' dir='ltr'>anno</span> <span class='ocrx_word' id='word_1_91' title='bbox 487 1549 635 1618; x_wconf 91' lang='lat' dir='ltr'>Domini</span> <span class='ocrx_word' id='word_1_92' title='bbox 659 1549 747 1617; x_wconf 82' lang='lat'>1120</span> <span class='ocrx_word' id='word_1_93' title='bbox 770 1551 900 1616; x_wconf 88' lang='lat' dir='ltr'>sancto</span> <span class='ocrx_word' id='word_1_94' title='bbox 925 1537 1000 1617; x_wconf 86' lang='lat' dir='ltr'>line</span> <span class='ocrx_word' id='word_1_95' title='bbox 1015 1548 1163 1634; x_wconf 88' lang='lat' dir='ltr'>quievit.</span> <span class='ocrx_word' id='word_1_96' title='bbox 1567 1551 1568 1554; x_wconf 76' lang='grc'>’</span> 
     </span>
    </p>

    <p class='ocr_par' dir='ltr' id='par_1_5' title="bbox 174 1654 1526 3544">
     <span class='ocr_line' id='line_1_14' title="bbox 245 1654 1526 1745; baseline -0.002 -19"><span class='ocrx_word' id='word_1_97' title='bbox 245 1660 360 1727; x_wconf 87' lang='lat' dir='ltr'>Fama</span> <span class='ocrx_word' id='word_1_98' title='bbox 385 1675 547 1745; x_wconf 87' lang='lat' dir='ltr'>maguae</span> <span class='ocrx_word' id='word_1_99' title='bbox 570 1654 781 1740; x_wconf 87' lang='lat' dir='ltr'>sanctitatis,</span> <span class='ocrx_word' id='word_1_100' title='bbox 799 1672 873 1741; x_wconf 94' lang='lat' dir='ltr'>qua</span> <span class='ocrx_word' id='word_1_101' title='bbox 898 1671 949 1722; x_wconf 84' lang='lat' dir='ltr'>ex</span> <span class='ocrx_word' id='word_1_102' title='bbox 973 1654 1044 1722; x_wconf 89' lang='lat' dir='ltr'>hac</span> <span class='ocrx_word' id='word_1_103' title='bbox 1069 1656 1141 1726; x_wconf 82' lang='lat' dir='ltr'>vita</span> <span class='ocrx_word' id='word_1_104' title='bbox 1166 1655 1348 1743; x_wconf 87' lang='lat' dir='ltr'>migravit,</span> <span class='ocrx_word' id='word_1_105' title='bbox 1369 1655 1417 1724; x_wconf 89' lang='lat' dir='ltr'>ab</span> <span class='ocrx_word' id='word_1_106' title='bbox 1441 1656 1526 1724; x_wconf 84' lang='lat' dir='ltr'>eius</span> 
     </span>
     <span class='ocr_line' id='line_1_15' title="bbox 178 1761 1526 1852; baseline -0.001 -19"><span class='ocrx_word' id='word_1_107' title='bbox 178 1765 354 1852; x_wconf 88' lang='lat' dir='ltr'>sepulcro</span> <span class='ocrx_word' id='word_1_108' title='bbox 378 1781 533 1850; x_wconf 92' lang='lat' dir='ltr'>novum,</span> <span class='ocrx_word' id='word_1_109' title='bbox 560 1761 913 1850; x_wconf 89' lang='lat' dir='ltr'>amplissimumque</span> <span class='ocrx_word' id='word_1_110' title='bbox 938 1762 1192 1831; x_wconf 87' lang='lat' dir='ltr'>testimonium</span> <span class='ocrx_word' id='word_1_111' title='bbox 1211 1761 1349 1850; x_wconf 87' lang='lat' dir='ltr'>recipit.</span> <span class='ocrx_word' id='word_1_112' title='bbox 1366 1761 1526 1832; x_wconf 83' lang='lat' dir='ltr'>Sodales</span> 
     </span>
     <span class='ocr_line' id='line_1_16' title="bbox 180 1867 1523 1960; baseline -0.003 -20"><span class='ocrx_word' id='word_1_113' title='bbox 180 1872 272 1958; x_wconf 80' lang='lat' dir='ltr'>eiua,</span> <span class='ocrx_word' id='word_1_114' title='bbox 297 1872 417 1960; x_wconf 91' lang='lat' dir='ltr'>quiin</span> <span class='ocrx_word' id='word_1_115' title='bbox 443 1889 488 1940; x_wconf 90' lang='lat' dir='ltr'>eo</span> <span class='ocrx_word' id='word_1_116' title='bbox 513 1871 549 1939; x_wconf 87' lang='lat' dir='ltr'>S.</span> <span class='ocrx_word' id='word_1_117' title='bbox 575 1869 796 1940; x_wconf 88' lang='lat' dir='ltr'>Fundatoris</span> <span class='ocrx_word' id='word_1_118' title='bbox 819 1867 1025 1955; x_wconf 88' lang='lat' dir='ltr'>perlectum</span> <span class='ocrx_word' id='word_1_119' title='bbox 1042 1869 1266 1939; x_wconf 89' lang='lat' dir='ltr'>imitatorem</span> <span class='ocrx_word' id='word_1_120' title='bbox 1278 1869 1523 1956; x_wconf 88' lang='lat' dir='ltr'>inspiciebant</span> 
     </span>
     <span class='ocr_line' id='line_1_17' title="bbox 178 1976 1523 2066; baseline -0.003 -20"><span class='ocrx_word' id='word_1_121' title='bbox 178 1978 214 2046; x_wconf 96' lang='lat' dir='ltr'>in</span> <span class='ocrx_word' id='word_1_122' title='bbox 240 1979 442 2066; x_wconf 90' lang='lat' dir='ltr'>omnigena</span> <span class='ocrx_word' id='word_1_123' title='bbox 466 1978 610 2062; x_wconf 90' lang='lat' dir='ltr'>virtute,</span> <span class='ocrx_word' id='word_1_124' title='bbox 636 1977 770 2044; x_wconf 90' lang='lat' dir='ltr'>eodem</span> <span class='ocrx_word' id='word_1_125' title='bbox 794 1976 971 2062; x_wconf 89' lang='lat' dir='ltr'>sepulcro</span> <span class='ocrx_word' id='word_1_126' title='bbox 994 1976 1030 2045; x_wconf 88' lang='lat' dir='ltr'>S.</span> <span class='ocrx_word' id='word_1_127' title='bbox 1055 1977 1242 2045; x_wconf 91' lang='lat' dir='ltr'>Brunonis</span> <span class='ocrx_word' id='word_1_128' title='bbox 1277 1977 1433 2065; x_wconf 88' lang='lat' dir='ltr'>dignum</span> <span class='ocrx_word' id='word_1_129' title='bbox 1468 1977 1523 2043; x_wconf 89' lang='lat' dir='ltr'>in-</span> 
     </span>
     <span class='ocr_line' id='line_1_18' title="bbox 177 2077 1520 2174; baseline -0.001 -20"><span class='ocrx_word' id='word_1_130' title='bbox 177 2091 372 2173; x_wconf 84' lang='lat' dir='ltr'>venerunt,</span> <span class='ocrx_word' id='word_1_131' title='bbox 396 2090 509 2174; x_wconf 88' lang='lat' dir='ltr'>atque</span> <span class='ocrx_word' id='word_1_132' title='bbox 533 2085 614 2154; x_wconf 88' lang='lat' dir='ltr'>eius</span> <span class='ocrx_word' id='word_1_133' title='bbox 639 2103 725 2152; x_wconf 89' lang='lat' dir='ltr'>ossa</span> <span class='ocrx_word' id='word_1_134' title='bbox 750 2101 838 2152; x_wconf 88' lang='lat' dir='ltr'>cum</span> <span class='ocrx_word' id='word_1_135' title='bbox 863 2084 1014 2153; x_wconf 86' lang='lat' dir='ltr'>ossibus</span> <span class='ocrx_word' id='word_1_136' title='bbox 1038 2085 1073 2154; x_wconf 88' lang='lat' dir='ltr'>S.</span> <span class='ocrx_word' id='word_1_137' title='bbox 1099 2085 1368 2154; x_wconf 88' lang='lat' dir='ltr'>Fundatorisin</span> <span class='ocrx_word' id='word_1_138' title='bbox 1386 2077 1520 2154; x_wconf 89' lang='lat' dir='ltr'>eadem</span> 
     </span>
     <span class='ocr_line' id='line_1_19' title="bbox 178 2189 1520 2279; baseline -0.001 -17"><span class='ocrx_word' id='word_1_139' title='bbox 178 2213 274 2264; x_wconf 88' lang='lat' dir='ltr'>urna</span> <span class='ocrx_word' id='word_1_140' title='bbox 298 2191 555 2277; x_wconf 88' lang='lat' dir='ltr'>condiderunt,</span> <span class='ocrx_word' id='word_1_141' title='bbox 581 2196 617 2260; x_wconf 89' lang='lat' dir='ltr'>et</span> <span class='ocrx_word' id='word_1_142' title='bbox 641 2191 722 2259; x_wconf 90' lang='lat' dir='ltr'>licet</span> <span class='ocrx_word' id='word_1_143' title='bbox 745 2189 910 2259; x_wconf 87' lang='lat' dir='ltr'>decursu</span> <span class='ocrx_word' id='word_1_144' title='bbox 934 2192 1113 2279; x_wconf 89' lang='lat' dir='ltr'>temporis</span> <span class='ocrx_word' id='word_1_145' title='bbox 1137 2191 1183 2262; x_wconf 91' lang='lat' dir='ltr'>de</span> <span class='ocrx_word' id='word_1_146' title='bbox 1208 2192 1287 2260; x_wconf 89' lang='lat' dir='ltr'>loco</span> <span class='ocrx_word' id='word_1_147' title='bbox 1322 2192 1358 2260; x_wconf 93' lang='lat' dir='ltr'>in</span> <span class='ocrx_word' id='word_1_148' title='bbox 1394 2191 1520 2260; x_wconf 84' lang='lat' dir='ltr'>locum</span> 
     </span>
     <span class='ocr_line' id='line_1_20' title="bbox 177 2298 1521 2386; baseline -0.001 -18"><span class='ocrx_word' id='word_1_149' title='bbox 177 2300 358 2370; x_wconf 88' lang='lat' dir='ltr'>translata</span> <span class='ocrx_word' id='word_1_150' title='bbox 382 2301 463 2386; x_wconf 82' lang='lat' dir='ltr'>sint,</span> <span class='ocrx_word' id='word_1_151' title='bbox 490 2298 729 2367; x_wconf 89' lang='lat' dir='ltr'>nihilosecius</span> <span class='ocrx_word' id='word_1_152' title='bbox 755 2316 876 2385; x_wconf 86' lang='lat' dir='ltr'>usque</span> <span class='ocrx_word' id='word_1_153' title='bbox 900 2299 936 2366; x_wconf 94' lang='lat' dir='ltr'>in</span> <span class='ocrx_word' id='word_1_154' title='bbox 960 2299 1184 2368; x_wconf 90' lang='lat' dir='ltr'>hodiernum</span> <span class='ocrx_word' id='word_1_155' title='bbox 1202 2300 1301 2368; x_wconf 90' lang='lat' dir='ltr'>diem</span> <span class='ocrx_word' id='word_1_156' title='bbox 1325 2299 1362 2366; x_wconf 91' lang='lat' dir='ltr'>in</span> <span class='ocrx_word' id='word_1_157' title='bbox 1386 2299 1521 2368; x_wconf 89' lang='lat' dir='ltr'>eadem</span> 
     </span>
     <span class='ocr_line' id='line_1_21' title="bbox 182 2405 1520 2494; baseline -0.001 -19"><span class='ocrx_word' id='word_1_158' title='bbox 182 2426 296 2494; x_wconf 90' lang='lat' dir='ltr'>capsa</span> <span class='ocrx_word' id='word_1_159' title='bbox 321 2410 576 2476; x_wconf 88' lang='lat' dir='ltr'>asservantur.</span> <span class='ocrx_word' id='word_1_160' title='bbox 608 2405 821 2484; x_wconf 77' lang='lat' dir='ltr'>Audiamus</span> <span class='ocrx_word' id='word_1_161' title='bbox 855 2405 965 2493; x_wconf 89' lang='lat' dir='ltr'>igitur</span> <span class='ocrx_word' id='word_1_162' title='bbox 987 2405 1035 2476; x_wconf 92' lang='lat' dir='ltr'>ad</span> <span class='ocrx_word' id='word_1_163' title='bbox 1060 2425 1140 2476; x_wconf 89' lang='lat' dir='ltr'>rem</span> <span class='ocrx_word' id='word_1_164' title='bbox 1175 2405 1520 2493; x_wconf 88' lang='lat' dir='ltr'>praeclarissimum</span> 
     </span>
     <span class='ocr_line' id='line_1_22' title="bbox 177 2505 1520 2602; baseline -0.001 -20"><span class='ocrx_word' id='word_1_165' title='bbox 177 2514 354 2602; x_wconf 83' lang='lat' dir='ltr'>Tromby,</span> <span class='ocrx_word' id='word_1_166' title='bbox 378 2513 441 2602; x_wconf 89' lang='lat' dir='ltr'>qui</span> <span class='ocrx_word' id='word_1_167' title='bbox 465 2505 514 2583; x_wconf 83' lang='lat' dir='ltr'>ita</span> <span class='ocrx_word' id='word_1_168' title='bbox 537 2511 653 2582; x_wconf 86' lang='lat' dir='ltr'>latur:</span> <span class='ocrx_word' id='word_1_169' title='bbox 681 2534 699 2576; x_wconf 70' lang='lat' dir='ltr'>a</span> <span class='ocrx_word' id='word_1_170' title='bbox 716 2511 856 2581; x_wconf 88' lang='lat' dir='ltr'>Clausit</span> <span class='ocrx_word' id='word_1_171' title='bbox 878 2513 1029 2582; x_wconf 90' lang='lat' dir='ltr'>tandem</span> <span class='ocrx_word' id='word_1_172' title='bbox 1046 2518 1174 2582; x_wconf 89' lang='lat' dir='ltr'>sancte</span> <span class='ocrx_word' id='word_1_173' title='bbox 1191 2516 1227 2582; x_wconf 89' lang='lat' dir='ltr'>et</span> <span class='ocrx_word' id='word_1_174' title='bbox 1242 2531 1330 2582; x_wconf 89' lang='lat' dir='ltr'>cum</span> <span class='ocrx_word' id='word_1_175' title='bbox 1348 2512 1520 2581; x_wconf 90' lang='lat' dir='ltr'>omnium</span> 
     </span>
     <span class='ocr_line' id='line_1_23' title="bbox 178 2619 1519 2690; baseline 0.001 -2"><span class='ocrx_word' id='word_1_176' title='bbox 178 2639 350 2690; x_wconf 89' lang='lat' dir='ltr'>moerore</span> <span class='ocrx_word' id='word_1_177' title='bbox 374 2622 546 2689; x_wconf 92' lang='lat' dir='ltr'>ultimum</span> <span class='ocrx_word' id='word_1_178' title='bbox 571 2638 664 2689; x_wconf 89' lang='lat' dir='ltr'>suae</span> <span class='ocrx_word' id='word_1_179' title='bbox 689 2621 787 2688; x_wconf 87' lang='lat' dir='ltr'>vitae</span> <span class='ocrx_word' id='word_1_180' title='bbox 810 2619 909 2688; x_wconf 89' lang='lat' dir='ltr'>diem</span> <span class='ocrx_word' id='word_1_181' title='bbox 936 2621 1072 2690; x_wconf 87' lang='lat' dir='ltr'>Beatus</span> <span class='ocrx_word' id='word_1_182' title='bbox 1095 2620 1289 2690; x_wconf 86' lang='lat' dir='ltr'>Lanuinus</span> <span class='ocrx_word' id='word_1_183' title='bbox 1319 2619 1519 2690; x_wconf 86' lang='lat' dir='ltr'>undecima</span> 
     </span>
     <span class='ocr_line' id='line_1_24' title="bbox 176 2726 1520 2815; baseline -0.001 -19"><span class='ocrx_word' id='word_1_184' title='bbox 176 2728 313 2814; x_wconf 81' lang='lat' dir='ltr'>Aprilis</span> <span class='ocrx_word' id='word_1_185' title='bbox 337 2728 424 2797; x_wconf 91' lang='lat' dir='ltr'>anni</span> <span class='ocrx_word' id='word_1_186' title='bbox 451 2733 642 2814; x_wconf 87' lang='lat' dir='ltr'>reparatae</span> <span class='ocrx_word' id='word_1_187' title='bbox 661 2727 791 2796; x_wconf 89' lang='lat' dir='ltr'>salutis</span> <span class='ocrx_word' id='word_1_188' title='bbox 804 2726 990 2797; x_wconf 93' lang='lat' dir='ltr'>millesimi</span> <span class='ocrx_word' id='word_1_189' title='bbox 1007 2727 1199 2796; x_wconf 87' lang='lat' dir='ltr'>centesimi</span> <span class='ocrx_word' id='word_1_190' title='bbox 1211 2727 1380 2815; x_wconf 81' lang='lat' dir='ltr'>vigesimi</span> <span class='ocrx_word' id='word_1_191' title='bbox 1397 2726 1520 2815; x_wconf 72' lang='lat' dir='ltr'>primi,</span> 
     </span>
     <span class='ocr_line' id='line_1_25' title="bbox 177 2832 1524 2920; baseline 0.001 -20"><span class='ocrx_word' id='word_1_192' title='bbox 177 2833 404 2920; x_wconf 89' lang='lat' dir='ltr'>sepelierunt</span> <span class='ocrx_word' id='word_1_193' title='bbox 428 2838 552 2903; x_wconf 89' lang='lat' dir='ltr'>autem</span> <span class='ocrx_word' id='word_1_194' title='bbox 578 2832 727 2902; x_wconf 87' lang='lat' dir='ltr'>Fratres</span> <span class='ocrx_word' id='word_1_195' title='bbox 750 2832 842 2919; x_wconf 90' lang='lat' dir='ltr'>eius,</span> <span class='ocrx_word' id='word_1_196' title='bbox 868 2836 904 2901; x_wconf 91' lang='lat' dir='ltr'>et</span> <span class='ocrx_word' id='word_1_197' title='bbox 926 2832 1002 2900; x_wconf 92' lang='lat' dir='ltr'>Filii</span> <span class='ocrx_word' id='word_1_198' title='bbox 1025 2833 1061 2900; x_wconf 93' lang='lat' dir='ltr'>in</span> <span class='ocrx_word' id='word_1_199' title='bbox 1085 2833 1285 2919; x_wconf 88' lang='lat' dir='ltr'>sepulchro</span> <span class='ocrx_word' id='word_1_200' title='bbox 1310 2833 1429 2902; x_wconf 90' lang='lat' dir='ltr'>sancti</span> <span class='ocrx_word' id='word_1_201' title='bbox 1455 2834 1524 2902; x_wconf 89' lang='lat' dir='ltr'>Pa·</span> 
     </span>
     <span class='ocr_line' id='line_1_26' title="bbox 175 2938 1524 3026; baseline 0.002 -20"><span class='ocrx_word' id='word_1_202' title='bbox 175 2938 241 3008; x_wconf 87' lang='lat' dir='ltr'>tris</span> <span class='ocrx_word' id='word_1_203' title='bbox 265 2939 389 3008; x_wconf 86' lang='lat' dir='ltr'>Nostri</span> <span class='ocrx_word' id='word_1_204' title='bbox 413 2939 611 3024; x_wconf 72' lang='lat' dir='ltr'>Brunonis</span> <span class='ocrx_word' id='word_1_205' title='bbox 636 2944 672 3007; x_wconf 91' lang='lat' dir='ltr'>et</span> <span class='ocrx_word' id='word_1_206' title='bbox 695 2940 781 3026; x_wconf 90' lang='lat' dir='ltr'>quia</span> <span class='ocrx_word' id='word_1_207' title='bbox 806 2938 1039 3010; x_wconf 83' lang='lat' dir='ltr'>Sanctusah</span> <span class='ocrx_word' id='word_1_208' title='bbox 1062 2941 1238 3009; x_wconf 89' lang='lat' dir='ltr'>omnibus</span> <span class='ocrx_word' id='word_1_209' title='bbox 1269 2940 1524 3012; x_wconf 88' lang='lat' dir='ltr'>venerabatur·</span> 
     </span>
     <span class='ocr_line' id='line_1_27' title="bbox 176 3047 1520 3136; baseline 0 -20"><span class='ocrx_word' id='word_1_210' title='bbox 176 3051 212 3116; x_wconf 89' lang='lat' dir='ltr'>et</span> <span class='ocrx_word' id='word_1_211' title='bbox 234 3065 323 3114; x_wconf 93' lang='lat' dir='ltr'>cum</span> <span class='ocrx_word' id='word_1_212' title='bbox 348 3047 520 3134; x_wconf 91' lang='lat' dir='ltr'>opinione</span> <span class='ocrx_word' id='word_1_213' title='bbox 545 3047 752 3116; x_wconf 73' lang='lat' dir='ltr'>sanctitatis</span> <span class='ocrx_word' id='word_1_214' title='bbox 768 3047 989 3134; x_wconf 87' lang='lat' dir='ltr'>decesserat,</span> <span class='ocrx_word' id='word_1_215' title='bbox 1007 3048 1043 3114; x_wconf 96' lang='lat' dir='ltr'>in</span> <span class='ocrx_word' id='word_1_216' title='bbox 1059 3066 1192 3117; x_wconf 92' lang='lat' dir='ltr'>eorum</span> <span class='ocrx_word' id='word_1_217' title='bbox 1208 3047 1520 3136; x_wconf 76' lang='lat' dir='ltr'>Martyrologium</span> 
     </span>
     <span class='ocr_line' id='line_1_28' title="bbox 175 3154 1519 3248; baseline 0.001 -26"><span class='ocrx_word' id='word_1_218' title='bbox 175 3158 262 3241; x_wconf 88' lang='lat' dir='ltr'>post</span> <span class='ocrx_word' id='word_1_219' title='bbox 285 3154 321 3223; x_wconf 89' lang='lat' dir='ltr'>S.</span> <span class='ocrx_word' id='word_1_220' title='bbox 345 3155 384 3221; x_wconf 91' lang='lat' dir='ltr'>P.</span> <span class='ocrx_word' id='word_1_221' title='bbox 409 3155 736 3248; x_wconf 88' lang='lat' dir='ltr'>denunciationem</span> <span class='ocrx_word' id='word_1_222' title='bbox 761 3155 808 3224; x_wconf 90' lang='lat' dir='ltr'>ita</span> <span class='ocrx_word' id='word_1_223' title='bbox 832 3154 931 3223; x_wconf 93' lang='lat' dir='ltr'>diem</span> <span class='ocrx_word' id='word_1_224' title='bbox 967 3155 1091 3224; x_wconf 82' lang='lat' dir='ltr'>obitus</span> <span class='ocrx_word' id='word_1_225' title='bbox 1126 3156 1184 3225; x_wconf 87' lang='lat' dir='ltr'>sui</span> <span class='ocrx_word' id='word_1_226' title='bbox 1219 3159 1519 3224; x_wconf 89' lang='lat' dir='ltr'>annotaverunt:</span> 
     </span>
     <span class='ocr_line' id='line_1_29' title="bbox 174 3255 1522 3349; baseline -0.001 -19"><span class='ocrx_word' id='word_1_227' title='bbox 174 3260 375 3330; x_wconf 90' lang='lat' dir='ltr'>undecima</span> <span class='ocrx_word' id='word_1_228' title='bbox 399 3261 536 3349; x_wconf 87' lang='lat' dir='ltr'>Aprilis</span> <span class='ocrx_word' id='word_1_229' title='bbox 560 3261 648 3328; x_wconf 89' lang='lat' dir='ltr'>obiit</span> <span class='ocrx_word' id='word_1_230' title='bbox 671 3262 807 3330; x_wconf 90' lang='lat' dir='ltr'>Beatus</span> <span class='ocrx_word' id='word_1_231' title='bbox 832 3255 1035 3330; x_wconf 84' lang='lat' dir='ltr'>L&#39;anuinus.</span> <span class='ocrx_word' id='word_1_232' title='bbox 1059 3263 1185 3330; x_wconf 93' lang='lat' dir='ltr'>Bruno</span> <span class='ocrx_word' id='word_1_233' title='bbox 1209 3263 1308 3330; x_wconf 92' lang='lat' dir='ltr'>enim</span> <span class='ocrx_word' id='word_1_234' title='bbox 1333 3267 1368 3331; x_wconf 90' lang='lat' dir='ltr'>et</span> <span class='ocrx_word' id='word_1_235' title='bbox 1384 3263 1522 3332; x_wconf 80' lang='lat' dir='ltr'>Lanui-</span> 
     </span>
     <span class='ocr_line' id='line_1_30' title="bbox 174 3367 1519 3456; baseline 0.001 -22"><span class='ocrx_word' id='word_1_236' title='bbox 174 3386 250 3436; x_wconf 88' lang='lat' dir='ltr'>nus</span> <span class='ocrx_word' id='word_1_237' title='bbox 273 3367 454 3437; x_wconf 85' lang='lat' dir='ltr'>amabiles</span> <span class='ocrx_word' id='word_1_238' title='bbox 478 3372 513 3436; x_wconf 90' lang='lat' dir='ltr'>et</span> <span class='ocrx_word' id='word_1_239' title='bbox 536 3367 662 3436; x_wconf 86' lang='lat' dir='ltr'>decori</span> <span class='ocrx_word' id='word_1_240' title='bbox 686 3367 802 3436; x_wconf 92' lang='lat' dir='ltr'>valde</span> <span class='ocrx_word' id='word_1_241' title='bbox 827 3369 864 3435; x_wconf 94' lang='lat' dir='ltr'>in</span> <span class='ocrx_word' id='word_1_242' title='bbox 889 3367 961 3437; x_wconf 88' lang='lat' dir='ltr'>vita</span> <span class='ocrx_word' id='word_1_243' title='bbox 986 3387 1066 3455; x_wconf 89' lang='lat' dir='ltr'>sua,</span> <span class='ocrx_word' id='word_1_244' title='bbox 1084 3368 1120 3435; x_wconf 91' lang='lat' dir='ltr'>in</span> <span class='ocrx_word' id='word_1_245' title='bbox 1137 3373 1258 3437; x_wconf 89' lang='lat' dir='ltr'>morte</span> <span class='ocrx_word' id='word_1_246' title='bbox 1273 3386 1425 3456; x_wconf 89' lang='lat' dir='ltr'>quoque</span> <span class='ocrx_word' id='word_1_247' title='bbox 1441 3387 1519 3438; x_wconf 93' lang='lat' dir='ltr'>non</span> 
     </span>
     <span class='ocr_line' id='line_1_31' title="bbox 174 3473 438 3544; baseline -0.015 0"><span class='ocrx_word' id='word_1_248' title='bbox 174 3479 264 3544; x_wconf 89' lang='lat' dir='ltr'>sunt</span> <span class='ocrx_word' id='word_1_249' title='bbox 286 3473 438 3544; x_wconf 79' lang='lat' dir='ltr'>divisi».</span> 
     </span>
    </p>

    <p class='ocr_par' dir='ltr' id='par_1_6' title="bbox 173 3580 1521 4313">
     <span class='ocr_line' id='line_1_32' title="bbox 243 3580 1521 3669; baseline 0.003 -21"><span class='ocrx_word' id='word_1_250' title='bbox 243 3582 330 3649; x_wconf 86' lang='lat' dir='ltr'>Pest</span> <span class='ocrx_word' id='word_1_251' title='bbox 353 3583 447 3650; x_wconf 87' lang='lat' dir='ltr'>haec</span> <span class='ocrx_word' id='word_1_252' title='bbox 463 3581 635 3669; x_wconf 81' lang='lat' dir='ltr'>‚quisque</span> <span class='ocrx_word' id='word_1_253' title='bbox 654 3580 828 3667; x_wconf 88' lang='lat' dir='ltr'>intuetur,</span> <span class='ocrx_word' id='word_1_254' title='bbox 853 3583 1067 3668; x_wconf 88' lang='lat' dir='ltr'>Lanuipum</span> <span class='ocrx_word' id='word_1_255' title='bbox 1091 3589 1264 3652; x_wconf 91' lang='lat' dir='ltr'>nostrum</span> <span class='ocrx_word' id='word_1_256' title='bbox 1288 3588 1403 3652; x_wconf 91' lang='lat' dir='ltr'>totam</span> <span class='ocrx_word' id='word_1_257' title='bbox 1435 3585 1521 3652; x_wconf 89' lang='lat' dir='ltr'>eius</span> 
     </span>
     <span class='ocr_line' id='line_1_33' title="bbox 174 3687 1515 3778; baseline 0.001 -22"><span class='ocrx_word' id='word_1_258' title='bbox 174 3689 372 3759; x_wconf 88' lang='lat' dir='ltr'>mortalem</span> <span class='ocrx_word' id='word_1_259' title='bbox 398 3689 512 3758; x_wconf 92' lang='lat' dir='ltr'>vitam</span> <span class='ocrx_word' id='word_1_260' title='bbox 536 3689 572 3756; x_wconf 96' lang='lat' dir='ltr'>in</span> <span class='ocrx_word' id='word_1_261' title='bbox 607 3687 815 3758; x_wconf 87' lang='lat' dir='ltr'>excolenda</span> <span class='ocrx_word' id='word_1_262' title='bbox 841 3689 1041 3778; x_wconf 87' lang='lat' dir='ltr'>omnigena</span> <span class='ocrx_word' id='word_1_263' title='bbox 1066 3691 1210 3776; x_wconf 88' lang='lat' dir='ltr'>virtute,</span> <span class='ocrx_word' id='word_1_264' title='bbox 1236 3696 1271 3760; x_wconf 91' lang='lat' dir='ltr'>et</span> <span class='ocrx_word' id='word_1_265' title='bbox 1300 3692 1454 3778; x_wconf 89' lang='lat' dir='ltr'>quidem</span> <span class='ocrx_word' id='word_1_266' title='bbox 1478 3691 1515 3758; x_wconf 93' lang='lat' dir='ltr'>in</span> 
     </span>
     <span class='ocr_line' id='line_1_34' title="bbox 174 3794 1521 3886; baseline 0.001 -22"><span class='ocrx_word' id='word_1_267' title='bbox 174 3794 297 3882; x_wconf 87' lang='lat' dir='ltr'>gradu</span> <span class='ocrx_word' id='word_1_268' title='bbox 320 3796 470 3865; x_wconf 87' lang='lat' dir='ltr'>heroico</span> <span class='ocrx_word' id='word_1_269' title='bbox 495 3797 733 3886; x_wconf 87' lang='lat' dir='ltr'>transegisse,</span> <span class='ocrx_word' id='word_1_270' title='bbox 758 3813 829 3864; x_wconf 89' lang='lat' dir='ltr'>nec</span> <span class='ocrx_word' id='word_1_271' title='bbox 853 3815 928 3865; x_wconf 93' lang='lat' dir='ltr'>non</span> <span class='ocrx_word' id='word_1_272' title='bbox 955 3815 1003 3864; x_wconf 83' lang='lat' dir='ltr'>ex</span> <span class='ocrx_word' id='word_1_273' title='bbox 1027 3797 1099 3865; x_wconf 85' lang='lat' dir='ltr'>hoo</span> <span class='ocrx_word' id='word_1_274' title='bbox 1123 3799 1266 3866; x_wconf 91' lang='lat' dir='ltr'>mundo</span> <span class='ocrx_word' id='word_1_275' title='bbox 1283 3796 1384 3868; x_wconf 87' lang='lat' dir='ltr'>lama</span> <span class='ocrx_word' id='word_1_276' title='bbox 1402 3798 1521 3866; x_wconf 92' lang='lat' dir='ltr'>omni-</span> 
     </span>
     <span class='ocr_line' id='line_1_35' title="bbox 173 3904 1515 3996; baseline 0.001 -22"><span class='ocrx_word' id='word_1_277' title='bbox 173 3921 294 3992; x_wconf 88' lang='lat' dir='ltr'>genae</span> <span class='ocrx_word' id='word_1_278' title='bbox 319 3904 522 3973; x_wconf 88' lang='lat' dir='ltr'>sanctitatis</span> <span class='ocrx_word' id='word_1_279' title='bbox 545 3923 742 3992; x_wconf 89' lang='lat' dir='ltr'>egressum</span> <span class='ocrx_word' id='word_1_280' title='bbox 788 3923 883 3974; x_wconf 89' lang='lat' dir='ltr'>esse.</span> <span class='ocrx_word' id='word_1_281' title='bbox 920 3907 1050 3973; x_wconf 87' lang='lat' dir='ltr'>Restat</span> <span class='ocrx_word' id='word_1_282' title='bbox 1084 3906 1204 3994; x_wconf 90' lang='lat' dir='ltr'>igitur,</span> <span class='ocrx_word' id='word_1_283' title='bbox 1229 3911 1269 3974; x_wconf 88' lang='lat' dir='ltr'>ut</span> <span class='ocrx_word' id='word_1_284' title='bbox 1307 3907 1515 3996; x_wconf 87' lang='lat' dir='ltr'>videamus,</span> 
     </span>
     <span class='ocr_line' id='line_1_36' title="bbox 174 4011 1514 4100; baseline 0.003 -20"><span class='ocrx_word' id='word_1_285' title='bbox 174 4030 223 4080; x_wconf 93' lang='lat' dir='ltr'>an</span> <span class='ocrx_word' id='word_1_286' title='bbox 248 4011 282 4079; x_wconf 91' lang='lat' dir='ltr'>ei</span> <span class='ocrx_word' id='word_1_287' title='bbox 306 4017 513 4098; x_wconf 88' lang='lat' dir='ltr'>perpetuus</span> <span class='ocrx_word' id='word_1_288' title='bbox 545 4012 667 4080; x_wconf 90' lang='lat' dir='ltr'>cultus</span> <span class='ocrx_word' id='word_1_289' title='bbox 704 4011 814 4082; x_wconf 86' lang='lat' dir='ltr'>fuerit</span> <span class='ocrx_word' id='word_1_290' title='bbox 840 4013 1091 4100; x_wconf 71' lang='lat' dir='ltr'>praestitutus</span> <span class='ocrx_word' id='word_1_291' title='bbox 1122 4015 1170 4084; x_wconf 90' lang='lat' dir='ltr'>ita</span> <span class='ocrx_word' id='word_1_292' title='bbox 1197 4018 1237 4084; x_wconf 86' lang='lat' dir='ltr'>ut</span> <span class='ocrx_word' id='word_1_293' title='bbox 1259 4015 1307 4084; x_wconf 90' lang='lat' dir='ltr'>ad</span> <span class='ocrx_word' id='word_1_294' title='bbox 1339 4033 1514 4084; x_wconf 90' lang='lat' dir='ltr'>normam</span> 
     </span>
     <span class='ocr_line' id='line_1_37' title="bbox 176 4115 1517 4210; baseline 0.004 -25"><span class='ocrx_word' id='word_1_295' title='bbox 176 4115 315 4206; x_wconf 90' lang='lat' dir='ltr'>legum,</span> <span class='ocrx_word' id='word_1_296' title='bbox 341 4137 386 4188; x_wconf 90' lang='lat' dir='ltr'>ac</span> <span class='ocrx_word' id='word_1_297' title='bbox 409 4118 744 4206; x_wconf 90' lang='lat' dir='ltr'>praescriptionum</span> <span class='ocrx_word' id='word_1_298' title='bbox 771 4119 806 4188; x_wconf 86' lang='lat' dir='ltr'>S.</span> <span class='ocrx_word' id='word_1_299' title='bbox 831 4120 986 4189; x_wconf 88' lang='lat' dir='ltr'>Rituum</span> <span class='ocrx_word' id='word_1_300' title='bbox 1021 4119 1333 4210; x_wconf 72' lang='lat' dir='ltr'>Congregationis</span> <span class='ocrx_word' id='word_1_301' title='bbox 1358 4123 1517 4208; x_wconf 82' lang='lat' dir='ltr'>Aposto</span> 
     </span>
     <span class='ocr_line' id='line_1_38' title="bbox 174 4221 1195 4313; baseline 0.005 -22"><span class='ocrx_word' id='word_1_302' title='bbox 174 4221 242 4294; x_wconf 89' lang='lat' dir='ltr'>lica</span> <span class='ocrx_word' id='word_1_303' title='bbox 267 4225 386 4295; x_wconf 87' lang='lat' dir='ltr'>Sedes</span> <span class='ocrx_word' id='word_1_304' title='bbox 410 4226 589 4294; x_wconf 90' lang='lat' dir='ltr'>eumdem</span> <span class='ocrx_word' id='word_1_305' title='bbox 614 4224 841 4296; x_wconf 87' lang='lat' dir='ltr'>confirmare</span> <span class='ocrx_word' id='word_1_306' title='bbox 865 4228 983 4313; x_wconf 93' lang='lat' dir='ltr'>possit</span> <span class='ocrx_word' id='word_1_307' title='bbox 1006 4232 1041 4297; x_wconf 91' lang='lat' dir='ltr'>et</span> <span class='ocrx_word' id='word_1_308' title='bbox 1065 4229 1195 4300; x_wconf 89' lang='lat' dir='ltr'>valeat.</span> 
     </span>
    </p>

    <p class='ocr_par' dir='ltr' id='par_1_7' title="bbox 173 4330 1518 4528">
     <span class='ocr_line' id='line_1_39' title="bbox 242 4330 1518 4422; baseline 0.003 -22"><span class='ocrx_word' id='word_1_309' title='bbox 242 4332 478 4420; x_wconf 85' lang='lat' dir='ltr'>Quicumque</span> <span class='ocrx_word' id='word_1_310' title='bbox 501 4330 627 4400; x_wconf 85' lang='lat' dir='ltr'>cultus</span> <span class='ocrx_word' id='word_1_311' title='bbox 651 4337 707 4402; x_wconf 91' lang='lat' dir='ltr'>est</span> <span class='ocrx_word' id='word_1_312' title='bbox 729 4351 791 4402; x_wconf 88' lang='lat' dir='ltr'>res</span> <span class='ocrx_word' id='word_1_313' title='bbox 825 4331 918 4420; x_wconf 84' lang='lat' dir='ltr'>lacti,</span> <span class='ocrx_word' id='word_1_314' title='bbox 955 4353 1072 4422; x_wconf 89' lang='lat' dir='ltr'>quare</span> <span class='ocrx_word' id='word_1_315' title='bbox 1107 4355 1156 4404; x_wconf 87' lang='lat' dir='ltr'>ex</span> <span class='ocrx_word' id='word_1_316' title='bbox 1193 4335 1411 4406; x_wconf 86' lang='lat' dir='ltr'>testimoniis</span> <span class='ocrx_word' id='word_1_317' title='bbox 1438 4333 1518 4405; x_wconf 88' lang='lat' dir='ltr'>fide</span> 
     </span>
     <span class='ocr_line' id='line_1_40' title="bbox 173 4439 664 4528; baseline -0.006 -20"><span class='ocrx_word' id='word_1_318' title='bbox 173 4439 295 4527; x_wconf 83' lang='lat' dir='ltr'>dignis</span> <span class='ocrx_word' id='word_1_319' title='bbox 318 4440 540 4528; x_wconf 84' lang='lat' dir='ltr'>probandus</span> <span class='ocrx_word' id='word_1_320' title='bbox 555 4439 664 4508; x_wconf 90' lang='lat' dir='ltr'>venit.</span> 
     </span>
    </p>

    <p class='ocr_par' dir='ltr' id='par_1_8' title="bbox 239 4545 1516 4636">
     <span class='ocr_line' id='line_1_41' title="bbox 239 4545 1516 4636; baseline 0.002 -21"><span class='ocrx_word' id='word_1_321' title='bbox 239 4548 335 4615; x_wconf 89' lang='lat' dir='ltr'>Ante</span> <span class='ocrx_word' id='word_1_322' title='bbox 374 4547 497 4618; x_wconf 90' lang='lat' dir='ltr'>omnia</span> <span class='ocrx_word' id='word_1_323' title='bbox 541 4545 841 4634; x_wconf 90' lang='lat' dir='ltr'>praenotandum</span> <span class='ocrx_word' id='word_1_324' title='bbox 882 4547 990 4636; x_wconf 88' lang='lat' dir='ltr'>duco,</span> <span class='ocrx_word' id='word_1_325' title='bbox 1026 4549 1169 4630; x_wconf 86' lang='lat' dir='ltr'>cultum</span> <span class='ocrx_word' id='word_1_326' title='bbox 1209 4553 1300 4622; x_wconf 87' lang='lat' dir='ltr'>Van.</span> <span class='ocrx_word' id='word_1_327' title='bbox 1344 4549 1516 4620; x_wconf 91' lang='lat' dir='ltr'>Lanuino</span> 
     </span>
    </p>
   </div>
   <div class='ocr_carea' id='block_1_3' title="bbox 0 0 1842 5264">
    <p class='ocr_par' dir='ltr' id='par_1_9' title="bbox 0 0 1842 5264">
     <span class='ocr_line' id='line_1_42' title="bbox 0 0 1842 5264; baseline 0 1"><span class='ocrx_word' id='word_1_328' title='bbox 0 0 1842 5264; x_wconf 95' lang='lat' dir='ltr'> </span> 
     </span>
    </p>
   </div>
  </div>
 </body>
</html>
