3672 5216
670 375 812 422 annuns.
856 433 859 438 ¹
1355 361 1413 425 tos

153 473 260 550 Hisce
279 474 320 550 in
339 477 703 578 utramquepartem
722 476 1015 570 animadversis,
1038 479 1233 582 proposita
1254 477 1411 555 fuerunt

84 593 248 671 diluenda

662 751 814 839 Dubia

152 954 181 1030 Ι.
210 955 276 1030 An
306 968 341 1032 ot
367 957 571 1058 quomodo,
605 959 658 1034 ael
678 960 952 1062 presbyteram
976 958 1072 1036 Cata
1096 965 1293 1062 pertineat
1312 985 1412 1062 pro-

76 1083 213 1178 prietas
241 1089 315 1152 ant
340 1079 507 1181 simplem
536 1079 825 1156 administratio
853 1079 969 1180 Asyli
995 1085 1036 1153 in
1064 1080 1185 1154 casn?

152 1196 200 1274 Il.
231 1197 298 1272 An
325 1200 569 1299 ecquomodo
596 1201 865 1276 sahstt'ncatnr
883 1200 1059 1303 enpcdsto
1079 1225 1263 1276 sororum
1282 1225 1315 1276 s.
1338 1198 1411 1274 Te-
1445 1265 1448 1272 .

83 1325 192 1393 restae
218 1320 268 1394 ab
296 1319 441 1420 Asyla·
484 1331 601 1395 etan
626 1322 830 1424 presbyter
860 1317 957 1396 Cata
995 1321 1149 1397 easdem
1182 1319 1406 1422 expellendo

79 1443 282 1514 incurrerit
308 1439 579 1516 ecclesiasticas
607 1467 794 1518 oertsnras
822 1448 864 1516 in
893 1443 1014 1518 casa?

151 1557 218 1635 Ill.
250 1558 316 1633 An
345 1560 447 1637 idern
476 1566 555 1664 ipse
589 1571 768 1636 teneatur
796 1587 989 1638 rernooere
1017 1589 1042 1637 a
1071 1563 1278 1638 directione
1295 1560 1412 1664 Asyli

80 1675 341 1773 Africanam,
371 1687 424 1754 sic
452 1681 728 1782 nuncupatas?

151 1799 389 1879 Rasonunm.
429 1801 544 1878 Sacra
572 1800 716 1903 Congr.
748 1801 822 1904 Ep.
854 1805 893 1878 et
921 1801 1023 1904 Reg.
1064 1826 1104 1878 re
1141 1800 1312 1878 discussa
1340 1803 1409 1879 sub

75 1916 129 1994 die
153 1921 178 1996 2
205 1921 309 1998 Iunii
342 1921 443 1999 1893
480 1921 631 1998 censuit
668 1921 912 2025 respondere:
950 1921 1011 1998 Ad
1040 1925 1056 2002 Ι
1085 1923 1125 1998 et
1153 1921 1189 1998 Il
1217 1909 1409 2026 Nepatioe

77 2047 114 2114 in
139 2045 321 2118 omnibns
347 2054 383 2118 et
411 2043 600 2144 amplias.
630 2041 691 2120 Ad
719 2041 791 2119 Ill.
820 2043 856 2118 A
901 2052 1065 2120 rrnattoe
1092 2055 1128 2118 et
1155 2043 1343 2146 amplias,
1374 2053 1410 2118 et

77 2160 124 2234 acl
139 2174 322 2238 rnentern.
353 2160 470 2238 Mens
488 2174 561 2238 est:
587 2163 691 2264 qnod
713 2163 810 2240 Cata
829 2190 1043 2267 snspensas
1061 2176 1197 2241 manet
1219 2190 1244 2238 a
1264 2165 1408 2240 clioirtis

77 2281 110 2354 l.
131 2282 246 2358 donec
259 2283 380 2386 plene
398 2295 617 2384 coequatur
627 2297 876 2386 praesentent
896 2287 1171 2362 resolutionem
1182 2313 1197 2374 ,·
1215 2285 1258 2366 2.
1277 2287 1405 2361 ¹donec

71 2408 219 2478 caniano
235 2413 349 2504 petat
376 2403 423 2478 ab
442 2401 649 2508 Episcopo,
672 2416 707 2478 et
724 2411 992 2480 corcoenienter
1010 2405 1247 2481 scordalum
1268 2405 1408 2482 datam

72 2535 243 2624 reparet,·
274 2521 316 2598 3.
349 2524 466 2600 oloreec
484 2551 563 2602 sese
591 2531 809 2601 eornmittat
824 2523 1028 2628 Episcopo,
1054 2536 1099 2601 nt
1118 2525 1256 2602 titnlus
1283 2527 1406 2602 civilis

71 2639 178 2740 elspli
198 2643 473 2741 transferatur
501 2653 541 2719 in
571 2647 673 2722 alias
695 2671 904 2748 personas,
929 2653 966 2722 si
982 2658 1018 2721 et
1036 2659 1229 2748 quatenns
1247 2643 1411 2750 Episco-

64 2787 139 2862 pus
165 2775 437 2868 opportunam
467 2778 630 2842 censeat.

141 2883 202 2962 Ex
230 2909 371 2972 aeteus
391 2909 595 2964 couniens:
625 2887 656 2963 Ι.
681 2886 903 2989 Episcopus
922 2890 1104 2988 tanquam
1124 2885 1229 2963 Sedis
1249 2885 1409 2988 Aposto-

70 3000 155 3080 licae
181 3006 409 3107 delegatOS,
441 3031 521 3082 esse
562 3012 784 3084 executores
816 3005 986 3082 omnium
1015 3005 1164 3110 piarum
1190 2995 1409 3108 dispositio-

70 3115 166 3218 num,
198 3131 285 3202 tam
313 3126 353 3201 in
381 3124 519 3203 ultima
546 3126 747 3204 voluntate
775 3151 888 3228 quam
916 3126 1019 3217 inter
1046 3126 1172 3220 vivos,
1194 3129 1235 3202 et
1253 3127 1313 3203 ius
1332 3127 1403 3204 ha-

69 3241 149 3320 bent
177 3246 368 3322 visitandi
397 3246 479 3322 loca
507 3246 585 3348 pia,
617 3247 960 3348 quomodocumque
989 3250 1274 3356 nuncupentur.

140 3363 190 3441 Il.
223 3365 398 3444 Indolem
426 3365 581 3442 induere
608 3366 920 3458 ecclesiasticam,
948 3390 1014 3441 seu
1039 3366 1231 3469 pertinere
1250 3366 1297 3442 ad
1316 3391 1406 3444 cau-

67 3507 123 3560 sas
149 3489 231 3590 pias
260 3487 392 3564 omnia
419 3511 512 3589 quae
540 3487 722 3564 institute
750 3487 909 3564 fuerunt
935 3485 983 3562 ad
1010 3486 1080 3563 Dei
1118 3487 1291 3583 cultum,
1323 3489 1409 3566 ani-

69 3629 206 3685 mamm
236 3608 421 3700 salutem,
452 3633 518 3685 seu
546 3609 592 3685 ad
622 3633 804 3711 pauperes
833 3607 1140 3684 substentandas.

140 3727 210 3805 ΙΙΙ.
245 3730 357 3806 Inter
385 3753 517 3805 causas
546 3729 627 3831 pias
655 3726 928 3804 accensendum
960 3749 1041 3801 esse
1070 3727 1236 3828 Asylum
1269 3725 1409 3830 orpha-

69 3871 191 3926 norum
221 3849 265 3926 in
297 3848 488 3940 themate,
519 3847 649 3949 colligi
679 3855 761 3924 tum
788 3872 838 3923 ex
866 3845 1014 3940 mediiS,
1045 3847 1178 3947 quibus
1205 3845 1408 3923 fundatum

65 3975 145 4062 est,
176 3978 263 4048 tum
294 3995 343 4045 ex
371 3969 445 4046 fine
473 3969 519 4044 ad
547 3953 658 4070 quem
686 3967 945 4059 destinatum,
978 3971 1061 4044 tum
1099 3991 1148 4043 ex
1177 3966 1408 4044 auctoritate

66 4111 153 4187 <puae
182 4091 419 4193 interposita
448 4088 537 4177 fuit,
561 4094 605 4163 ut
624 4086 853 4163 efficeretur.

549 4409 926 4466 -....ffl4.........
