3650 5242
389 178 447 242 rot
987 196 1129 242 onasus.

467 297 597 398 Neque
623 296 790 374 dubitari
818 321 948 400 posse,
989 297 1230 399 prosequitur
1257 295 1420 389 Orator,
1466 297 1730 398 presbyterum

388 417 501 513 Cata,
532 441 600 522 per
628 417 721 494 haec
750 441 863 521 opera
881 417 1028 493 iniusta
1056 420 1095 493 et
1113 419 1248 494 contra
1267 415 1390 518 legem
1418 415 1625 493 incurrisse
1644 443 1736 494 oen-

385 563 494 615 suras
522 537 813 632 ecclesiasticas,
837 537 936 615 latas
956 562 1023 641 per
1042 536 1370 616 Constitutionem
1397 535 1648 640 Apostobcae
1666 539 1736 614 Se-

386 659 461 746 dis,
490 685 574 763 cap.
593 659 668 735 Vll
696 659 966 762 impedientes.
997 659 1089 735 Pari
1109 658 1217 734 modo
1246 661 1398 762 poterat
1425 658 1637 762 Episcopus
1666 684 1737 738 ex·
1808 744 1809 752 ,

386 781 665 857 communicare
705 781 969 884 presbyterum
1011 780 1137 874 Cata,
1167 781 1256 881 quia
1298 779 1473 856 initiavit
1514 804 1733 883 processum

385 900 540 978 civilem
567 903 705 1004 absque
732 901 839 978 illius
865 901 995 995 venia,
1018 901 1064 978 ad
1089 900 1232 978 tradita
1250 925 1317 1004 per
1336 901 1507 976 Litteras
1525 900 1735 977 circulares
1809 889 1810 918 ²

386 1021 426 1099 S.
448 1023 503 1099 R.
525 1023 792 1124 Inquisitionis
819 1021 878 1098 die
905 1021 960 1100 23
990 1023 1157 1100 Ianuarii
1190 1021 1293 1099 1886
1322 1019 1397 1126 (1).

467 1143 677 1244 Presbyter
705 1144 817 1237 Cata,
848 1143 904 1220 ait
932 1142 1120 1237 defensor,
1152 1168 1219 1246 per
1238 1141 1295 1219 fas
1324 1146 1393 1219 aut
1409 1141 1518 1218 nefas
1542 1142 1733 1219 dominari

384 1263 425 1340 in
444 1265 540 1340 alios
559 1263 662 1358 vult,
694 1265 959 1369 propriamque
978 1264 1170 1366 imponere
1189 1263 1454 1355 voluntatem3
1487 1262 1643 1364 ideoque
1667 1287 1738 1367 po-

385 1384 464 1460 suit
490 1385 532 1461 in
560 1384 726 1485 Asylum
754 1384 854 1460 filias
879 1410 911 1460 s.
934 1385 1125 1478 Teresiae,
1157 1410 1251 1486 quas
1274 1387 1477 1462 censuerat
1495 1385 1650 1461 omnino
1668 1387 1735 1461 ob-
1810 1395 1811 1412 ³

384 1507 585 1606 sequentes
614 1529 682 1581 suo
710 1505 884 1608 imperio.
925 1503 997 1583 Sed
1025 1529 1141 1605 quum
1169 1504 1284 1580 aliter
1312 1529 1373 1580 res
1401 1503 1660 1607 procederent,
1693 1510 1736 1580 et

384 1623 481 1700 istae
510 1623 730 1726 Religiosae
758 1648 834 1700 non
863 1649 1011 1728 semper
1039 1649 1182 1702 morem
1211 1628 1390 1726 gererent
1416 1624 1498 1700 eius
1517 1622 1733 1719 voluntati,

383 1744 561 1846 quoniam
589 1744 758 1821 sciebant
790 1743 886 1820 alios
919 1744 1054 1821 habere
1073 1745 1300 1847 superiores,
1322 1746 1456 1844 quibus
1484 1743 1733 1821 obediendum

383 1867 480 1958 erat,
500 1869 593 1941 tunc
611 1862 877 1942 fraudulenter
895 1864 1089 1967 modisque
1107 1865 1276 1968 indignis
1295 1864 1485 1966 cogitavit
1498 1865 1648 1941 easdem
1663 1889 1736 1941 ex-

383 1983 539 2088 pellere,
569 1985 680 2079 alias,
711 2010 804 2087 quas
833 1985 990 2062 vocavit
1003 1985 1286 2084 Asrz‘cantstus,
1307 1987 1348 2061 in
1368 1986 1586 2062 earumdem
1605 1987 1734 2063 locum

385 2104 619 2182 sufficiendo.
669 2106 796 2194 Quum
826 2131 886 2182 res
915 2107 969 2182 sic
998 2131 1038 2183 se
1066 2107 1254 2200 habeant,
1285 2113 1415 2182 censet
1443 2110 1596 2200 orator,
1633 2131 1735 2184 onus
1812 2184 1813 2188 ,

383 2226 600 2303 incumbere
629 2229 850 2331 presbytero
876 2226 974 2304 Oeta
1001 2227 1221 2304 removendi
1240 2228 1285 2304 ab
1304 2227 1425 2328 Asylo
1444 2226 1730 2325 Matronales,
1812 2255 1813 2268 ¹

384 2372 476 2449 quas
505 2372 574 2424 suo
601 2347 774 2440 arbitrio,
797 2347 916 2424 modis
940 2349 1198 2452 reprobandis,
1223 2349 1272 2425 ibi
1292 2349 1547 2426 constituerat
1574 2347 1656 2425 loco
1687 2349 1735 2424 fi-

383 2467 523 2545 liarum
552 2495 585 2544 s.
608 2468 798 2562 Teresiae,
829 2493 925 2570 quae
953 2494 1191 2546 communem
1215 2469 1343 2572 populi
1374 2469 1554 2546 affectum
1582 2494 1738 2546 merue-

384 2592 488 2681 rant,
520 2590 560 2664 et
587 2588 928 2664 existimationem.

463 2707 554 2784 Iura
581 2711 735 2785 nostrae
762 2708 897 2785 tavent
931 2710 1171 2804 sententiae,
1211 2709 1266 2786 ait
1306 2707 1505 2784 defensor:
1549 2707 1732 2784 Trident.

383 2829 486 2907 Sess.
507 2828 564 2911 25
592 2856 678 2932 cup.
701 2828 729 2904 3
758 2829 804 2904 dc
832 2830 958 2932 repat.
991 2841 1026 2906 et
1055 2830 1256 2906 arroru'ub'b.
1300 2828 1423 2904 <Nec
1452 2829 1498 2904 de
1525 2839 1645 2904 cetero
1676 2836 1733 2904 si-

383 2950 496 3027 milia
525 2950 608 3025 locu
638 2957 955 3052 carpentoratae
982 2949 1272 3056 Episcopz'‚'io
1305 2957 1418 3027 c-ur'us
1446 2949 1618 3034 Dz'oecesz'
1652 2978 1737 3027 era-

381 3071 511 3174 ycnda
538 3081 644 3158 sunt,
677 3077 836 3146 scientio
858 3079 979 3174 pctus
1001 3073 1153 3147 obtenta
1177 3101 1213 3145 ›.
1246 3070 1509 3148 Confirmatur
1529 3073 1735 3172 praeterea

384 3217 451 3294 per
477 3191 671 3268 decretum
701 3191 762 3267 Pii
785 3191 836 3266 lX
864 3191 939 3268 diei
966 3193 1019 3270 25
1047 3192 1217 3268 Ianuarii
1251 3190 1376 3285 1848,
1407 3195 1448 3267 et
1475 3217 1543 3294 per
1570 3192 1737 3270 Articu-

384 3311 465 3388 lum
497 3310 574 3388 130
602 3309 748 3388 Statuti
777 3309 994 3412 Synodalis.

465 3432 715 3520 Quamobrem
747 3429 865 3508 Orani
895 3434 1073 3510 Antistes
1111 3433 1170 3509 ius
1208 3432 1320 3509 habet
1353 3431 1571 3527 reiiciendi,
1611 3433 1732 3511 sicuti

382 3555 428 3630 de
455 3553 557 3630 facto
585 3551 710 3630 reiicit
737 3553 1019 3652 :lsre'cum‘stua
1050 3559 1090 3629 et
1109 3554 1306 3656 presbyter
1327 3554 1426 3632 Cata
1453 3554 1603 3632 easdem
1622 3554 1735 3632 illico

383 3699 578 3752 removere
607 3677 780 3767 tenetur,
813 3677 856 3749 ut
885 3675 1038 3751 tandem
1066 3675 1218 3752 iustitia
1245 3699 1338 3776 erga
1366 3675 1466 3751 filias
1494 3700 1526 3750 s.
1550 3675 1734 3754 Teresiae

385 3819 498 3872 suurn
525 3795 695 3872 obtineat
723 3793 862 3869 locum.
1529 3877 1532 3884 ,

463 3914 630 3991 Tandem
659 3913 834 3990 defensor
862 3913 1009 3990 refutat
1035 3938 1166 3990 omnes
1194 3915 1420 3992 obiectiones
1453 3941 1476 3992 a
1504 3916 1733 4018 presbytero

382 4033 481 4111 Cata
508 4033 698 4111 exhibitas
726 4033 910 4110 adversus
939 4033 1169 4136 Episcopum
1197 4038 1237 4111 et
1264 4035 1363 4111 filias
1383 4061 1415 4110 s.
1436 4035 1630 4128 Teresiae;
1664 4041 1734 4113 ub

383 4159 469 4259 pote
497 4156 601 4232 omni
627 4156 708 4232 basi
736 4153 915 4230 veritatis
943 4160 1133 4250 carentes,
1157 4159 1197 4232 et
1223 4157 1426 4232 inventum
1450 4157 1642 4260 improbae
1659 4183 1735 4234 vo-

382 4275 561 4370 luntatis,
593 4278 637 4352 ut
664 4276 778 4351 finem
807 4274 876 4351 sibi
906 4283 1221 4380 praeconceptum
1248 4275 1368 4352 modis
1397 4276 1612 4378 omnigenis
1641 4303 1734 4381 per-

383 4397 566 4498 tingeret.

477 4555 511 4616 (l)
528 4554 638 4602 Adsunt
655 4557 708 4601 hse
725 4555 845 4602 litterae
863 4555 1017 4602 circulares
1034 4555 1093 4602 Vol.
1113 4541 1284 4615 xvnmls.
