3694 5230
329 237 389 300 am
918 258 1074 304 nnuman.

332 359 457 432 tatum
485 357 682 434 Benedict.
713 357 811 435 XIV·
837 358 935 436 Ibat.
969 361 1061 450 105,
1096 363 1121 460 ξ
1147 362 1190 445 8,
1221 387 1336 438 oraru.
1369 360 1462 446 112,
1496 385 1582 437 cum
1615 387 1674 438 ra-

330 476 454 554 tiones
483 477 680 580 explanat,
711 478 1000 581 dependentiam
1039 480 1401 558 confraternitatum
1436 507 1459 556 a
1493 482 1670 583 parochis

328 598 576 700 imperantes,
599 599 720 702 quoad
749 599 965 676 functiones
994 601 1035 678 in
1063 600 1231 679 ecclesiis
1261 601 1538 704 parochialibus
1565 627 1677 704 pera-

328 718 488 818 gendas:
524 721 651 797 «Non
680 721 824 814 solum,
855 721 1001 815 scribit,
1033 722 1077 797 ob
1105 722 1165 797 ius
1192 721 1431 824 parochiale,
1464 719 1528 796 sed
1554 721 1675 796 etiam

328 840 372 914 ob
399 839 623 935 dominium,
654 840 865 944 primatum
892 843 931 918 et
960 842 1130 944 regimen
1158 842 1255 944 quod
1280 842 1466 946 parochus
1494 846 1534 918 et
1560 841 1676 944 quili-

326 949 391 1036 bet
417 959 516 1036 alius
555 966 679 1037 rector
715 961 861 1036 obtinet
888 961 930 1038 in
959 986 1028 1038 sua
1061 962 1220 1038 ecclesia
1248 967 1288 1039 et
1325 962 1517 1038 universis
1554 962 1676 1065 ipsius

328 1079 500 1182 partibus
533 1110 571 1155 ».

409 1199 585 1278 Ulterius
613 1200 673 1276 his
702 1225 886 1277 consonae
915 1204 1007 1277 sunt
1034 1201 1163 1305 plures
1191 1200 1231 1278 S.
1257 1200 1303 1279 Ο.
1328 1198 1491 1278 Concilii
1520 1200 1677 1277 decisio-

330 1344 411 1413 nes,
442 1320 541 1397 idest
570 1322 788 1399 Ferrarien.
821 1321 874 1398 15
902 1322 1008 1424 Sept.
1043 1321 1212 1402 1782111
1231 1347 1305 1423 qua
1332 1320 1531 1400 delinitum
1557 1321 1678 1398 fuisse

330 1438 448 1515 refert
479 1446 732 1543 «competere
766 1442 928 1544 parocho
956 1443 1016 1519 ius
1050 1441 1372 1546 praeeminentiae
1399 1442 1442 1518 in
1469 1441 1678 1519 functioni-

329 1561 397 1636 bus
417 1561 685 1639 ecclesiasticis
704 1561 1037 1639 confraternitatis
1056 1561 1103 1640 ad
1123 1561 1284 1639 formam
1303 1561 1549 1639 resolutionis
1568 1561 1608 1639 S.
1628 1561 1674 1641 Ο.

330 1679 497 1758 Rituum
525 1682 618 1758 anni
650 1681 752 1760 1703
781 1681 828 1759 ad
851 1683 921 1758 lum
945 1688 985 1759 et
1012 1683 1086 1759 211111
1111 1683 1279 1760 dubium.
1306 1711 1324 1756 s
1356 1682 1454 1759 Item
1482 1683 1524 1758 iu
1552 1682 1674 1758 Ascu-

298 1882 303 1894 ,
334 1797 423 1876 lana
451 1801 528 1874 diei
552 1800 580 1874 5
607 1800 752 1877 Martii
778 1801 900 1876 1887.
932 1801 986 1878 at
1005 1801 1160 1879 tandem
1188 1803 1272 1906 ipsa
1300 1801 1336 1879 S.
1360 1802 1407 1880 O.
1432 1802 1599 1880 Rituum
1617 1802 1678 1878 die

332 1919 385 1997 28
405 1919 496 1997 Iulii
519 1920 623 1998 1832
650 1921 862 2002 declaravit
890 1923 985 2024 quod
1006 1923 1222 2000 functiones
1251 1946 1327 2000 non
1346 1919 1574 2026 paroeciales
1602 1923 1680 1998 «iu

332 2041 491 2118 ecclesia
519 2042 728 2144 parochiali
756 2045 952 2147 pertinent
981 2044 1026 2120 ad
1055 2043 1222 2120 eiusdem
1251 2042 1484 2146 parochum‚
1515 2041 1681 2144 qualibet

330 2162 525 2239 contraria
552 2163 823 2242 consuetudine
852 2187 927 2242 non
955 2165 1196 2240 obstante».

408 2283 537 2382 Neque
552 2282 658 2376 haec,
680 2285 808 2386 pergit
828 2283 1028 2386 parochus,
1046 2283 1242 2360 infirmare
1262 2282 1445 2359 valebunt
1463 2280 1677 2358 adversarii

332 2393 544 2479 asserentes'
573 2402 908 2480 confraternitates
930 2428 1005 2479 non
1033 2401 1183 2504 quidem
1211 2429 1233 2478 a
1262 2402 1440 2506 paroch0,
1463 2401 1527 2478 sed
1546 2404 1590 2478 ab
1609 2401 1680 2478 illa
1831 2471 1832 2486 ἶ

333 2523 493 2628 pendere
515 2523 700 2625 superiori
719 2525 968 2618 auctoritate,
993 2551 1015 2600 a
1034 2549 1108 2625 qua
1127 2523 1324 2625 propriam
1336 2521 1624 2598 institutionem
1637 2545 1680 2596 ac
1831 2519 1832 2574 l

330 2644 453 2719 vitam
483 2644 746 2719 tantummodo
774 2649 969 2746 repetunt.
1002 2643 1173 2746 Namque
1189 2642 1259 2718 hoc
1275 2667 1411 2718 verum
1439 2641 1514 2716 erit
1542 2640 1681 2743 quoad-

331 2786 447 2862 usque
484 2761 665 2838 sodalitas
693 2762 734 2839 in
770 2749 938 2866 propria
964 2765 1108 2840 existat
1141 2763 1326 2855 ecclesia,
1367 2761 1465 2838 idest
1497 2760 1679 2836 distincta

330 2888 445 2986 atque
473 2884 646 2959 seiuncta
673 2885 717 2960 ab
745 2885 904 2960 ecclesia
930 2883 1158 2988 paroeciali,
1181 2884 1222 2959 in
1241 2907 1316 2984 qua
1333 2907 1354 2958 e
1374 2886 1509 2958 contra
1533 2906 1680 2986 semper

332 3004 494 3107 parocho
514 3003 571 3080 ita
591 3003 740 3078 subesse
759 3003 913 3098 debent,
931 3011 976 3081 ut
990 3004 1061 3080 illa
1075 3005 1260 3080 habeatur
1275 3003 1546 3106 dependentia,
1568 3027 1680 3105 quam

333 3123 381 3200 ad
408 3124 496 3201 lites
524 3123 724 3199 evitandas
753 3125 972 3202 memoratis
1001 3124 1162 3201 decretis
1190 3125 1294 3200 urhis
1314 3130 1353 3200 et
1371 3124 1470 3200 orbis
1492 3123 1559 3201 SS.
1584 3124 1678 3202 ΒΗ.

333 3244 592 3347 Congregatio
624 3242 879 3322 determinare
912 3244 1060 3340 voluit;
1098 3244 1196 3321 idest
1229 3268 1305 3321 non
1338 3243 1581 3339 illusoriam,
1619 3245 1681 3321 sed

332 3392 463 3442 veram
482 3391 525 3442 ac
543 3364 685 3440 realem
700 3363 990 3468 dependentiam
1005 3367 1118 3442 iuxta
1134 3389 1288 3442 sensum
1303 3365 1347 3441 ab
1361 3365 1456 3468 ipsis
1472 3366 1682 3442 canonistis

332 3484 546 3562 huiusmodi
576 3472 757 3561 vocabulo
785 3487 987 3562 tributum.

413 3606 582 3710 ldipsum
620 3609 816 3708 praeterea
852 3608 978 3682 evinci
1016 3607 1196 3709 opinatur
1234 3630 1283 3683 ex
1323 3607 1475 3710 proprio
1513 3606 1682 3684 naturali

331 3728 503 3803 omnium
518 3727 667 3829 piarum
684 3726 930 3804 sodalitatum
946 3729 1036 3821 fine,
1046 3752 1157 3828 quem
1173 3732 1324 3830 praeter
1335 3727 1576 3806 Clementem
1586 3726 1680 3806 VIII

332 3849 517 3927 inOcnst.
540 3847 831 3949 Quaecumque,
852 3855 890 3923 et
909 3848 1004 3924 alios
1019 3847 1221 3951 plurimos,
1241 3848 1398 3951 pulchre
1421 3849 1479 3926 Ita
1497 3848 1680 3952 explanat

333 3968 563 4045 Benedictus
582 3965 677 4044 XIV
698 3967 786 4042 dum
806 3970 861 4043 ait
874 3997 893 4040 a
907 3967 1012 4055 Quae
1029 3967 1399 4072 (confraternitates)
1416 3970 1548 4073 procul
1575 3971 1684 4048 dubio

334 4088 508 4166 invectae
537 4088 693 4164 minime
722 4094 832 4180 sunt,
851 4091 900 4196 ut
920 4113 1045 4164 sacras
1064 4088 1280 4166 functiones
1299 4098 1522 4184 exerceant,
1545 4099 1613 4168 aut
1638 4093 1679 4168 in

334 4212 482 4310 partem
500 4207 779 4284 ecclesiasticae
799 4207 1032 4284 hierarchiae
1054 4209 1308 4312 recipiantur,
1336 4211 1401 4286 sed
1420 4216 1465 4288 ut
1484 4213 1681 4315 poeniten·

335 4328 411 4405 tiae
439 4334 547 4406 actus
576 4328 646 4404 sibi
675 4327 789 4403 utiles
809 4331 848 4402 et
867 4333 1141 4406 consentaneos
1161 4330 1391 4432 suscipiant,
1419 4335 1460 4408 et
1479 4357 1593 4435 opera
1611 4331 1683 4408 mi-

335 4447 558 4524 sericordiae
578 4447 749 4550 proximo
769 4473 837 4524 suo
857 4447 1091 4551 impendant.
1111 4479 1129 4522 »
1152 4451 1225 4528 lu.
1242 4449 1430 4542 eccl.105,
1451 4453 1530 4552 53,
1552 4479 1595 4527 a.
1613 4450 1680 4530 92.

333 4567 446 4649 Unde
476 4571 508 4645 si
536 4595 585 4644 ex
613 4568 765 4671 propria
793 4569 962 4646 naturali
981 4571 1227 4646 Institutione
1250 4569 1588 4650 confratermtates
1604 4570 1681 4674 pri-
