3674 5264
736 279 893 349 urrunsa
1446 289 1485 350 75

141 403 358 487 praevalida
384 406 418 472 in
443 409 620 492 promptu
644 405 757 477 babet
778 391 1024 476 instrumenta
1041 413 1076 476 et
1100 409 1484 494 praesidia,'quorun1

142 528 212 596 ope
234 513 286 581 ab
310 514 527 582 hominibus
543 507 634 584 'iure
659 514 806 584 sociatis
831 515 901 584 vita
931 516 1183 602 commodius,
1204 501 1349 585 'nedum
1374 516 1485 582 bone·

142 621 235 687 stias
259 625 296 689 et
320 623 502 708 sanctius„
532 631 678 710 agatur.
711 621 870 690 Proinde
893 621 1016 692 facere
1039 628 1161 710 potest
1189 625 1278 711 quin
1303 621 1484 690 leniendis

141 725 337 796 doloribus
361 736 396 798 et
419 729 624 800 allevandis
648 729 808 798 miseriis
839 737 1009 799 amanter
1032 751 1076 800 ae
1101 731 1297 800 liberaliter
1327 745 1483 815 operam

142 833 310 904 conferat
333 855 454 906 suam.
479 837 575 906 Satis
593 843 649 906 est
665 855 709 905 ea
725 837 943 906 meminisse
966 857 1074 924 quae,
1090 843 1183 930 teste
1201 839 1350 906 historia
1368 840 1403 904 et
1417 839 1485 901 tra-

142 941 278 1010 ditione
315 945 518 1030 nmiorum,
542 945 707 1014 Ecclesia
739 945 855 1032 gessit
878 953 917 1012 ut
940 945 1113 1032 antiquae
1143 945 1329 1013 servitutis
1361 943 1483 1010 labem
1527 995 1528 998 ,
1588 987 1594 1000 .

142 1049 318 1118 aboleret.
344 1053 401 1118 Ex
425 1054 587 1138 eoquod
613 1051 691 1120 sola
710 1052 789 1120 sais
814 1052 955 1120 viribus
972 1054 1087 1138 potuit
1102 1057 1246 1121 tantum
1262 1051 1389 1128 tollere
1407 1049 1484 1116 stir-

143 1155 242 1239 pitus
267 1157 424 1226 humani
447 1159 596 1246 generis
620 1157 785 1226 dedecus
800 1159 900 1244 <ruod
918 1160 1066 1245 penitus
1083 1159 1251 1228 moribus
1271 1157 1484 1240 inoleverat,

141 1261 245 1330 facile
270 1263 353 1332 licet
376 1284 534 1353 arguere
558 1257 646 1352 quid
672 1272 864 1352 praestare
888 1273 999 1353 qareat
1022 1271 1063 1334 ut
1086 1266 1295 1353 operarimn
1320 1264 1484 1332 classem

141 1370 284 1439 eximat
307 1391 355 1438 ex
379 1372 423 1440 iis
447 1391 575 1440 rerum
607 1375 788 1462 angustiis
811 1375 847 1466 in
872 1393 968 1461 erreis
995 1379 1114 1442 aetate
1140 1375 1210 1442 bac
1241 1377 1369 1440 nostra
1398 1390 1483 1439 eam

142 1477 297 1546 coniecit
321 1479 510 1548 nunninae
535 1483 720 1549 societatis
743 1483 912 1550 conditio.
939 1482 1058 1551 Facile
1081 1483 1219 1568 pariter
1230 1481 1370 1548 exinde
1387 1479 1485 1546 intel·

145 1583 239 1650 lectu
264 1589 330 1669 est,
355 1584 402 1652 ad
428 1585 499 1654 bec
528 1585 798 1672 perficiendum
823 1607 920 1675 opus
948 1589 1091 1674 [rietatis
1115 1589 1273 1659 eximiae
1305 1607 1348 1657 ae
1372 1605 1484 1656 verae

143 1689 383 1760 humanitatis
408 1693 495 1760 nibil
519 1695 643 1780 potius
667 1702 703 1764 et
725 1695 915 1764 efficacius
939 1715 1024 1764 esso
1049 1717 1164 1783 qumn
1189 1697 1324 1764 conniti
1350 1699 1389 1763 ut
1412 1693 1484 1761 alte

141 1794 305 1864 insidant
327 1799 461 1868 animis
493 1801 720 1876 christianae
740 1809 942 1888 praecepta
971 1803 1072 1890 legis,
1099 1803 1342 1890 moribusque
1370 1800 1484 1869 homi·

143 1919 235 1970 num
260 1905 491 1974 moderatrix
514 1909 654 1994 praesit
677 1909 866 1998 Evangelii
890 1910 1067 1978 doctrina.
1095 1915 1218 1992 Quare
1242 1912 1343 1980 haud
1370 1909 1485 1976 mino
1520 1957 1524 1964 -

141 2029 221 2078 rem
239 2011 364 2080 inesse
381 2020 558 2100 putamus
576 2015 727 2084 laudem
743 2035 859 2102 quam
876 2017 1190 2103 opportunitatem
1210 2027 1246 2085 et
1267 2015 1429 2084 fructum
1446 2015 1483 2081 in

140 2135 185 2185 eo
208 2119 363 2188 consilio
388 2120 489 2206 quod
514 2122 652 2206 iniistis,
677 2128 716 2190 ut
741 2125 807 2209 per
830 2124 1046 2192 huiusmodi
1069 2129 1276 2192 conventus
1300 2122 1427 2210 populi
1444 2127 1480 2190 et

141 2225 325 2312 imprimis
339 2229 531 2312 operariae
547 2229 681 2298 classis
698 2221 811 2297 animi
828 2231 872 2297 iis
888 2231 1104 2298 imbuantur
1121 2213 1366 2314 (tocunrentis',
1385 2249 1482 2316 (tuae

143 2335 360 2402 memoratis
384 2337 526 2403 Litteris
546 2336 689 2404 Nostris
706 2337 978 2422 explicavimus
993 2357 1013 2404 e
1031 2337 1276 2406 sanctissimis
1293 2337 1481 2405 Ecclesiae

142 2439 318 2508 doctrinis
342 2441 486 2526 hausta,
512 2448 622 2529 atque
647 2449 687 2511 ιιι
711 2443 779 2512 illis
802 2444 919 2529 probe
943 2445 1137 2530 perceptis
1163 2449 1302 2512 certam
1326 2444 1482 2515 induant

142 2549 439 2635 persuasionem,
458 2569 500 2618 ea
518 2569 615 2636 quare
640 2551 798 2638 legitime
822 2557 1002 2638 expetunt
1025 2553 1123 2621 bona
1140 2552 1370 2638 opperienda
1385 2570 1480 2637 esse,

143 2675 217 2725 non
242 2676 291 2724 ex
315 2658 520 2736 inconsulta
548 2659 696 2727 socialis
726 2659 866 2727 ordinis
896 2660 1185 2746 perturbatione,
1203 2661 1268 2728 sed
1287 2677 1335 2727 ex
1367 2661 1400 2724 vi
1425 2677 1483 2726 sa·

142 2763 248 2832 lutari
264 2773 470 2852 sanctoque
486 2765 680 2834 dominatu
696 2765 793 2833 illius
810 2767 1019 2852 sapientiae,
1035 2785 1150 2852 quam
1163 2765 1209 2833 de
1223 2765 1326 2854 caelo
1344 2765 1484 2834 illatam

142 2872 188 2940 ad
214 2873 402 2958 regendos
426 2873 623 2940 hominum
648 2893 775 2942 meres
800 2873 970 2942 Christus
994 2875 1030 2940 in
1054 2879 1173 2942 terras
1198 2871 1337 2942 effudit.

231 2980 308 3046 Nee
333 2979 458 3047 minus
482 2980 598 3048 Nobis
622 2981 821 3066 probatum
846 2981 961 3048 extitit
990 2982 1124 3050 scitum
1149 2980 1236 3049 illud
1261 2979 1481 3048 Bieunensis

142 3096 368 3170 trementes,
397 3105 472 3173 quo
504 3093 657 3155 cautum
689 3091 745 3177 est
770 3093 809 3156 ut
832 3090 1003 3174 proximo
1035 3107 1157 3155 novus
1181 3106 1225 3154 ae
1255 3085 1483 3174 frequentior

142 3193 323 3261 indicatur
346 3193 602 3280 operariorum
619 3200 758 3279 coetus,
779 3195 886 3263 cuius
910 3196 1102 3263 communi
1118 3199 1204 3262 voto
1222 3213 1353 3262 eoraun
1370 3211 1482 3259 curae
1531 3255 1535 3262 4

141 3301 204 3388 (tui
229 3301 344 3368 robus
369 3299 525 3386 publicis
549 3308 729 3386 praesunt.
752 3321 796 3370 oo
826 3307 1111 3386 convertantur,
1139 3306 1178 3367 ut
1207 3319 1318 3386 parus
1344 3299 1482 3384 ubique

141 3407 309 3476 ferantur
325 3406 426 3493 leges
442 3425 539 3494 (iriae
564 3406 814 3475 infirmitatem
832 3413 1027 3495 protegant
1048 3426 1254 3492 puerorum
1271 3405 1485 3472 mulierum·

140 3535 214 3602 true
231 3513 476 3600 operantium,
495 3533 614 3602 eaque
631 3513 727 3582 effici
740 3514 890 3583 iubeant
902 3535 998 3602 quae
1016 3514 1159 3582 Litteris
1175 3513 1319 3580 Nostris
1335 3511 1483 3596 agenda

142 3624 346 3692 suasimus.
370 3623 499 3708 Neque
524 3641 613 3689 voro
639 3622 765 3690 multis
794 3641 891 3707 opus
915 3628 979 3705 ost,
1002 3627 1041 3688 ut
1070 3639 1222 3687 summa
1249 3619 1404 3686 huiusce
1430 3616 1482 3682 rei

142 3731 233 3799 ratio
257 3731 294 3796 in
312 3731 446 3815 aprico
469 3729 525 3798 sit.
550 3730 647 3797 Nam
664 3729 770 3814 siuua
795 3729 923 3816 gravis
939 3738 974 3796 et
991 3725 1192 3814 probabilis
1216 3727 1413 3803 causaest,
1435 3743 1483 3792 ex

142 3855 212 3921 qua
241 3835 391 3922 publicu
407 3831 616 3904 'atteteritas
633 3836 712 3903 iure
730 3855 814 3902 seso
839 3837 1046 3922 interponat
1070 3835 1197 3921 legum
1214 3832 1348 3901 latione
1365 3831 1413 3899 ad
1431 3850 1484 3898 ra-

141 3945 263 4012 tiones
288 3944 448 4011 tuendas
472 3943 741 4028 operariorum,
767 3941 868 4009 nulla
894 3961 985 4009 sano
1010 3942 1159 4029 gravior
1183 3961 1228 4008 ac
1257 3935 1482 4024 probabilior

144 4051 260 4122 videri
283 4051 424 4138 poterit,
449 4069 564 4137 quma
590 4049 793 4116 necessitas
822 4049 1068 4116 subveniendi
1096 4045 1330 4130 imbecillitati
1354 4061 1484 4130 puero-

144 4175 229 4225 rum
253 4163 289 4225 et
311 4155 546 4240 lerninarum,
572 4155 671 4226 unde
697 4154 794 4223 initia
820 4154 877 4221 vel
903 4159 1026 4222 ortum
1050 4153 1258 4222 succedens
1283 4149 1483 4237 progenies

144 4262 264 4348 habet,
291 4263 465 4347 viresque
490 4265 525 4328 et
548 4277 640 4344 opes
671 4259 790 4348 gentis
814 4259 998 4347 cuiusque
1026 4279 1162 4348 magna
1189 4279 1237 4327 ex
1268 4261 1373 4344 parte
1402 4273 1485 4341 pro-

145 4375 307 4438 manant.
332 4371 379 4435 Αι
402 4372 506 4454 parte
531 4385 579 4434 ex
604 4366 670 4434 alia
698 4368 836 4434 nemini
860 4367 1066 4436 obscurum
1094 4373 1150 4435 est
1173 4384 1289 4453 quam
1313 4360 1449 4449 imperf
1470 4397 1483 4408 -

145 4479 245 4542 ctum
268 4475 515 4562 patrocinium
544 4472 638 4542 soret
659 4473 775 4542 labori
800 4473 978 4560 opificum
1008 4474 1201 4560 perleges
1225 4474 1364 4555 datum,
1386 4489 1482 4557 quas

145 4581 311 4650 diversas
328 4583 396 4651 sibi
414 4597 662 4669 unaquaeque
678 4580 807 4648 civitas
823 4581 942 4650 ferret.
967 4583 1091 4662 Quum
1109 4582 1206 4648 enim
1225 4580 1317 4648 aliae
1334 4579 1483 4648 aliunde
