3672 5216
640 313 643 320 ·
756 300 898 346 occasu.
1439 285 1496 346 157

157 397 377 501 Corrrpobr'o
416 399 461 474 cle
492 411 629 475 serrato
667 401 808 476 Teresu
847 402 892 476 dc
924 400 1052 483 lesus,
1084 403 1246 478 accessit
1273 403 1496 506 episcopalis

156 520 392 620 approbatio.

237 639 365 714 Rebus
386 663 563 743 prospere
582 638 782 742 incoeptis,
800 641 906 716 brevi
921 643 1105 718 successit
1120 641 1325 718 discordiae
1345 669 1492 736 semen3

156 783 246 834 nam
273 761 472 862 presbyter
501 761 613 852 Cata,
646 765 753 836 ratus
781 785 863 836 osse
882 787 1016 838 verum
1046 764 1272 863 unicumque
1300 763 1491 840 domiuum

156 879 285 981 Asyli,
316 881 578 982 praesumebat
598 885 641 956 ut
661 880 882 984 Religiosae
901 882 1105 960 nonnullas
1125 884 1230 959 abeo
1250 883 1497 962 concinnatas

154 1005 405 1101 sequerentur
432 1001 584 1104 regulas
623 1026 689 1104 pro
718 1003 947 1080 admissione
974 1005 1189 1108 puellarum
1225 1008 1265 1080 et
1291 1004 1497 1082 directione

154 1120 284 1222 Asyli,
315 1146 358 1195 eo
385 1122 503 1198 etiam
531 1120 689 1198 consilio
718 1127 761 1198 ut
790 1125 848 1198 ius
877 1148 988 1202 suum
1018 1125 1140 1226 magis
1168 1131 1371 1202 assereret.

235 1241 511 1317 Verumtamen
541 1266 657 1342 quum
686 1242 785 1319 nihil
812 1244 1025 1346 proficeret,
1058 1245 1213 1337 timens,
1245 1269 1312 1320 ceu
1331 1245 1413 1348 ipse
1436 1264 1528 1320 re-·

154 1360 245 1454 fert,
267 1387 315 1438 ne
334 1363 457 1466 operis
477 1362 622 1439 indoles
642 1364 863 1455 vitiaretur,
885 1366 1026 1467 eoquod
1049 1365 1330 1468 recipiebantur
1348 1365 1496 1466 puellae

152 1505 200 1557 ex
232 1481 388 1559 familiis
416 1483 599 1559 divitibus
636 1509 719 1559 cum
750 1483 969 1561 discrimine
1006 1485 1240 1561 familiarum
1262 1509 1492 1588 pauperum

151 1607 288 1680 contra
324 1605 564 1680 voluntatem
609 1603 895 1705 Religiosarum
932 1611 971 1681 et
1008 1605 1148 1684 Curiae
1191 1604 1493 1696 ecclesiasticae,

152 1727 314 1826 quatuor
337 1725 376 1800 in
399 1725 563 1826 Asylum
591 1725 754 1800 immisit
782 1725 953 1818 iuvenes
975 1709 1121 1828 abipso
1150 1731 1311 1801 vocatae
1341 1725 1500 1828 religio-

152 1870 215 1921 sae
237 1845 521 1943 „tfre'ccor'stoa
541 1871 584 1920 eo
608 1843 847 1938 consiliant
870 1847 1137 1922 sufficerentur
1161 1845 1309 1922 filiabus
1335 1871 1367 1920 s.
1382 1845 1496 1921 Tere-

152 1966 253 2058 siae;
286 1965 419 2066 quibus
452 1966 556 2042 illico
588 1966 701 2041 iussit
735 1965 858 2060 abire,
900 1968 973 2043 nisi
1009 1966 1154 2044 vellent
1186 1967 1231 2041 ab
1264 1966 1494 2043 auctoritato

154 2085 263 2162 civili
292 2085 456 2162 detrudi:
485 2134 491 2145 -

232 2208 399 2284 Miratus
427 2232 541 2310 super
569 2207 628 2282 his
657 2205 882 2309 Episcopus,
915 2205 1062 2282 studuit
1090 2229 1270 2281 revocare
1299 2207 1496 2307 presbyte-

148 2351 235 2403 rum
266 2329 365 2405 Cata
392 2323 446 2404 al
468 2327 621 2403 mitiora
649 2326 825 2416 consilia,
858 2326 922 2402 sed
953 2327 1123 2416 frustra3
1160 2327 1249 2427 quia
1277 2325 1342 2401 ille
1371 2327 1495 2427 magis

148 2449 299 2524 indies
327 2448 582 2551 praesumpsit
612 2471 679 2523 suo
707 2448 864 2523 arbitrio
891 2447 1078 2523 moderari
1097 2448 1280 2548 Asylum.
1314 2445 1495 2534 Quinimo

149 2568 355 2645 minitatus
374 2575 433 2644 est
451 2591 588 2644 vocare
616 2568 656 2644 in
686 2567 866 2645 iudicium
890 2567 1123 2669 Religiosas,
1146 2567 1221 2644 nisi
1251 2571 1492 2669 praetensum

146 2688 316 2766 debitum
345 2690 464 2766 eidem
493 2688 703 2781 solverent,
735 2693 774 2764 et
801 2694 973 2790 repetere
1001 2689 1153 2766 nomine
1181 2689 1332 2792 proprio
1360 2693 1400 2764 et
1425 2713 1493 2764 no-

148 2811 251 2886 mine
280 2809 492 2886 oblatorum
519 2809 779 2911 eleemosynas
808 2826 875 2912 pro
902 2808 1113 2885 extruendo
1137 2808 1258 2909 Asylo
1286 2807 1490 2885 adhibitae.

148 2931 257 3006 Tunc
287 2928 513 3006 Ordinarius
541 2930 742 3005 certiorem
767 2929 857 3005 lecit
876 2929 1139 3031 presbyterum
1161 2931 1258 3009 Cata
1286 2928 1493 3004 incurrisse

147 3049 190 3126 in
210 3049 643 3126 excommunicationem
664 3050 806 3126 nemini
827 3055 1076 3141 reservatam,
1099 3049 1285 3124 inflictam
1305 3048 1493 3150 per'Con·

147 3171 392 3247 stitutionem
424 3170 666 3272 Apostob'coe
698 3169 832 3254 Sedis,
871 3169 1013 3270 eoquod
1050 3169 1291 3271 supposuerit
1328 3169 1492 3269 Asylum

146 3291 263 3392 legali
294 3290 551 3393 hypothecae;
584 3294 624 3367 et
643 3289 740 3390 quod
761 3290 973 3367 incurreret
1001 3289 1040 3364 in
1060 3288 1492 3364 excommunicationem

146 3411 303 3513 speciali
333 3411 441 3486 modo
469 3415 721 3504 reservatam,
751 3436 800 3486 ex
823 3410 951 3485 eadem
972 3409 1273 3502 Constitutione,
1304 3411 1493 3509 quatenus

145 3534 301 3608 vocaret
331 3529 430 3607 filias
463 3530 660 3630 religiosas
688 3555 720 3605 s
744 3531 773 3605 T
776 3531 917 3606 eresiae
949 3529 996 3606 ad
1027 3529 1237 3606 tribunalia
1270 3529 1379 3604 laica.
1411 3527 1494 3604 Ex-

145 3653 275 3728 oravit
302 3656 432 3727 autem
459 3651 632 3727 eumdem
660 3651 938 3753 presbyterum,
969 3655 1014 3726 ut
1033 3675 1056 3725 a
1074 3649 1216 3726 Missae
1242 3648 1492 3725 celebratione

145 3774 373 3866 abstineret,
404 3771 520 3848 donec
549 3771 764 3848 solveretur
787 3799 810 3848 a
835 3795 1009 3865 censura,
1041 3775 1085 3846 ut
1113 3777 1310 3848 revocaret
1339 3771 1495 3846 manda-

146 3899 229 3972 tum
259 3893 498 3997 expulsionis
530 3891 796 3994 religiosarum
825 3917 891 3994 per
918 3891 1056 3968 laicam
1089 3896 1317 3993 potestatem
1350 3891 1494 3967 facien-

144 4015 227 4109 dae,
259 4017 301 4091 et
330 4017 543 4089 removeret
571 4013 615 4088 ab
646 4013 767 4113 Asylo
795 4017 957 4113 quatuor
984 4012 1251 4108 4111166616166
1279 4011 1493 4088 antediem

150 4133 200 4214 13
229 4135 334 4212 lunii
357 4133 475 4211 1891.
1326 4225 1331 4234 Ι
1549 4117 1550 4122 “

224 4257 376 4332 Verum
409 4255 621 4356 presbyter,
652 4255 743 4355 quin
772 4252 995 4330 mandatum
1022 4257 1244 4345 revocaret,
1276 4251 1393 4328 iussit
1425 4251 1493 4326 sub

142 4376 201 4454 die
219 4377 275 4457 23
298 4376 397 4454 Maii
425 4400 536 4450 suum
556 4375 849 4451 Procuratorem
873 4373 1025 4448 trabere
1045 4372 1142 4475 apud
1163 4373 1302 4448 laicum
1322 4371 1492 4448 tribunal

141 4498 358 4602 praedictas
402 4495 502 4573 filias
538 4521 570 4572 s.
603 4495 799 4588 Teresiae,
830 4496 875 4569 ut
903 4492 1043 4569 eisdem
1071 4491 1307 4568 indiceretur·
1331 4489 1493 4568 remotio

139 4622 184 4698 ab
211 4619 342 4722 Asylo
371 4616 489 4692 etiam
518 4615 708 4718 pervim.
741 4616 825 4703 Qua
847 4612 891 4690 de
913 4640 953 4689 re
981 4613 1160 4689 Vioarius
1189 4613 1378 4714 generalis
1408 4633 1493 4715 pre-
