3674 5264
1431 238 1470 300 79

130 391 231 448 uatus
244 391 325 446 SSrul
340 392 368 448 u.
382 393 412 447 Ν.
427 390 526 448 loonio
545 391 600 446 lllll
616 405 668 458 uuo
682 391 842 446 declaratur
855 390 884 445 ut
898 391 1004 446 nonina
1023 391 1163 447 beatorum
1185 392 1335 458 nuncupari
1356 391 1466 459 possint

198 481 375 537 uenerabiles
386 481 432 538 liei
442 481 538 536 tunuli
554 481 653 536 Petras
664 479 769 548 sanyr
786 478 857 536 Sam
880 481 1031 548 Episcopus
1043 475 1289 536 haurimutrsnsls
1301 481 1329 535 st
1339 480 1468 535 libarius

201 569 380 638 humionem
400 569 562 626 morineias
587 568 742 624 lobiensis
762 568 788 624 ln
809 569 899 638 iteum
918 568 1063 634 suarum,
1083 569 1250 624 franciscus
1270 570 1391 626 Sarrano
1411 571 1470 637 Epi-

199 675 301 732 scopus
328 663 436 720 elanus
455 661 637 729 trunitanus
663 662 692 715 et
722 661 899 728 apostolous
918 661 1040 716 eiusdem
1068 659 1226 727 provinciae
1258 660 1395 726 vicarius,
1415 662 1471 716 loa-

200 754 307 809 ehhous
328 754 420 821 Royo,
443 753 557 808 loannes
576 751 697 807 bicolor
714 753 743 806 et
760 752 926 808 franciscus
952 752 1030 820 iliez,
1051 751 1219 808 Sacerdotes
1246 752 1415 808 lllssionarii
1437 765 1471 807 ox

202 841 303 898 ordine
323 841 558 896 Praedicatomn.

218 1110 354 1176 'lotium
388 1106 574 1174 mundum
606 1106 833 1190 martyribus
866 1107 1020 1193 plenum
1051 1107 1211 1192 Magnus
1243 1111 1469 1194 sanctaeque

130 1200 336 1284 meritoriae
360 1213 635 1284 Praedecessor
666 1215 799 1282 Noster
824 1213 1025 1300 Gregorius
1055 1214 1153 1299 Papa
1184 1213 1399 1295 mirahatur,
1424 1201 1473 1281 atss

129 1342 202 1410 que
228 1323 264 1390 in
289 1322 469 1410 vigesima
495 1320 650 1408 septima
678 1319 825 1388 homilia
852 1319 989 1402 aiebat:
1016 1321 1130 1389 «lium
1154 1338 1250 1406 pene
1271 1320 1399 1405 totqni
1425 1319 1474 1386 vi-

130 1453 148 1490 «
165 1430 327 1498 deamus
350 1448 426 1496 non
451 1447 597 1510 sumus
623 1433 713 1514 qiiot
736 1428 897 1496 varinnis
921 1433 1033 1496 testes
1055 1428 1287 1496 habemus.»
1314 1429 1357 1496 Et
1380 1446 1472 1496 sane

129 1538 177 1606 ab
215 1538 305 1623 ipsis
336 1537 549 1622 primordiis
569 1536 869 1603 innumerorum
901 1537 1109 1622 Martyrum
1141 1534 1256 1622 rigata
1289 1537 1473 1623 sanguine

129 1643 291 1712 adolevit
315 1642 489 1727 Ecclesia,
516 1661 638 1730 neque
662 1661 829 1728 untptam
856 1642 904 1709 illi
929 1643 964 1708 in
989 1647 1182 1728 posterum
1208 1641 1377 1710 miranda
1402 1639 1473 1709 ior·

130 1751 295 1820 titudinis
318 1750 493 1836 exempla
518 1747 726 1818 defuerunt.
752 1749 1081 1829 Quemadmodum
1103 1749 1138 1818 in
1156 1767 1309 1816 omnem
1334 1753 1473 1818 terram

130 1859 244 1925 exivit
267 1875 388 1926 sonus
412 1875 554 1941 coruom,
581 1861 616 1924 et
640 1856 822 1925 barbaras
852 1857 887 1924 in
913 1863 1060 1944 genieS,
1086 1861 1196 1942 atque
1227 1857 1409 1943 inhospita
1435 1856 1474 1924 li·
1510 1903 1512 1910 -

131 1969 209 2032 tora
236 1962 368 2030 Christi
393 1981 601 2048 praecones
631 1963 896 2050 Evangelicam
921 1962 1042 2032 lucem
1069 1961 1203 2032 inferre
1230 1969 1317 2031 sant
1341 1963 1472 2048 conati,
1555 1985 1557 1992 ’

130 2069 240 2138 ita-et
265 2073 448 2137 terrarum
474 2070 577 2136 orbis
601 2070 773 2156 regiones
797 2071 959 2154 pretioso
975 2072 1184 2156 Martyrum
1208 2069 1393 2156 sztrrguine
1417 2091 1475 2138 ru-

130 2180 304 2248 buerunt.
338 2178 497 2245 Romani
526 2182 651 2246 autem
688 2177 901 2264 Pontifices,
933 2180 1070 2276 quibus
1100 2179 1275 2248 divinitus
1311 2180 1475 2248 uruversi

130 2285 313 2354 Dominici
344 2284 469 2370 gregis
493 2303 583 2352 cura
615 2285 837 2370 concredita,
865 2291 903 2352 nt
933 2286 1115 2371 populum
1149 2285 1396 2353 Christianum
1427 2285 1473 2354 ad

131 2391 235 2462 fortia
262 2391 435 2476 exempla
461 2392 638 2460 imitanda
663 2392 876 2477 excitarent,
901 2393 1085 2480 gloriosas
1104 2395 1311 2480 Martyrum
1337 2412 1476 2460 memo
1586 2377 1589 2388 ¹

132 2499 206 2568 rias
233 2499 404 2585 religiosa
430 2499 560 2585 iugiter
589 2499 823 2568 solemnitate
847 2501 1011 2570 recalere
1042 2509 1333 2584 consueverunt,
1359 2505 1393 2568 et
1417 2500 1477 2568 vel

132 2627 152 2676 a
179 2595 311 2692 primis
335 2605 522 2675 Ecclesiae
546 2607 707 2675 saeculis
730 2607 922 2694 publicum
948 2609 1175 2694 Martyribus
1198 2608 1351 2692 cultum,
1367 2607 1478 2677 caeli-

134 2718 291 2798 tumque
316 2712 480 2781 honores
504 2713 718 2782 decrevere.
1252 2743 1254 2750 ·

221 2819 548 2888 praeclarissimos
572 2821 642 2888 hos
665 2821 759 2890 inter
788 2822 1038 2910 praeliatores,
1064 2828 1098 2890 et
1126 2821 1339 2890 adsertores
1362 2821 1478 2888 nomi-

134 2925 191 2993 nis
216 2926 359 3012 Christi,
384 2945 491 3013 quoS,
517 2931 557 2994 ut
581 2927 616 2996 S.
642 2927 849 3014 Cyprianus
873 2929 1035 3016 scripsit,
1060 2930 1140 3016 ipse
1165 2929 1269 2996 lesus
1294 2927 1477 2996 Dominus

135 3031 206 3098 «in
224 3032 303 3100 acie
319 3032 565 3118 confirmavit,
584 3035 702 3103 erexit
717 3035 777 3121 qui
798 3037 985 3122 pugnavit,
1003 3041 1039 3104 et
1055 3036 1138 3104 vicit
1153 3035 1190 3101 iu
1207 3035 1333 3103 Servis
1349 3033 1429 3102 suis
1445 3055 1475 3117 ›>‚

133 3136 213 3206 iure
237 3126 513 3208 adnumerandi
537 3145 624 3210 sunt
646 3140 768 3210 invicti
785 3139 870 3210 fldei
888 3143 1034 3230 pugiles
1058 3143 1190 3211 Petrus
1213 3143 1355 3227 lllartyr
1379 3139 1477 3208 Sauz

134 3245 345 3332 Episcopus
375 3248 700 3318 Mauricastrensis
728 3255 762 3318 et
793 3251 964 3319 Vioarius
995 3251 1230 3337 Apostolicus
1261 3247 1478 3317 Provinciae

134 3351 352 3420 Fo-kiensis
375 3353 411 3419 in
445 3355 578 3440 Regno
609 3355 800 3441 Sinarum,
830 3357 1052 3426 Franciscus
1083 3357 1245 3425 Serrano
1269 3355 1479 3442 Episcopus

134 3456 275 3526 electus
299 3459 547 3546 Tipusitanus,
566 3467 601 3530 et
616 3463 853 3549 Apostoliaus
877 3464 1045 3532 eiusdem
1064 3464 1280 3532 Provinciae
1296 3463 1329 3528 V
1333 3461 1478 3544 icarios,

135 3565 348 3634 loachimus
366 3569 483 3654 libye,
502 3568 662 3638 loannes
678 3568 838 3638 Alooher
854 3575 888 3638 et
905 3572 1126 3639 Franciscus
1143 3571 1240 3650 Dian,
1258 3557 1479 3637 Sacerdotes

135 3673 359 3742 Missionarii
382 3693 431 3743 ex
455 3675 592 3746 Ordine
616 3678 935 3761 Praedicatorum,
960 3679 1023 3765 qui
1047 3678 1230 3765 superiori
1254 3675 1407 3748 sacculo
1430 3675 1479 3744 ab

135 3777 339 3848 idololatris
363 3781 584 3851 Sinensibus
607 3783 644 3852 in
668 3785 797 3852 odium
827 3785 1055 3856 Christianae
1079 3785 1266 3874 religionis
1294 3781 1479 3867 interiecti,
1503 3819 1505 3824 ·

136 3891 341 3980 exercitam
358 3891 581 3977 Apostoliois
597 3893 788 3962 laboribus
804 3894 917 3962 vitam
934 3897 1086 3962 strenue
1103 3911 1171 3980 pro
1196 3889 1270 3960 fide
1294 3893 1480 3960 certantes

136 3993 314 4082 nullaque
339 3996 375 4063 vi
399 4002 465 4066 aut
487 3998 654 4068 cruciatu
678 3999 809 4068 devicti
835 3999 1172 4068 luculentissimum
1200 3997 1384 4084 sanguine
1408 4013 1493 4078 suo,
1584 4007 1589 4018 ·

135 4102 254 4169 Divini
271 4101 435 4172 nominis
450 4105 591 4192 gloriae
608 4107 859 4174 testimouium
877 4106 1140 4192 praebuerunt.
1166 4105 1211 4172 Hi
1227 4104 1392 4191 quinque
1406 4099 1480 4193 ior-

136 4209 267 4277 tissimi
294 4209 380 4278 lesu
403 4211 535 4280 Christi
558 4213 726 4282 Athletae
742 4211 917 4282 Catholici
934 4213 1199 4299 hispaniarum
1224 4211 1344 4299 Regni
1368 4210 1480 4295 cives

134 4317 244 4402 atque
268 4314 424 4384 illustris
447 4319 666 4388 Gusmanae
689 4317 849 4388 familiae
865 4317 928 4386 lilii
943 4317 1103 4388 fuerunt.
1127 4316 1405 4388 Adolescentnli
1422 4317 1484 4385 ad-

135 4419 208 4489 huc
233 4421 461 4508 longinquas
485 4428 521 4494 et
543 4424 725 4493 barbaras
750 4425 922 4512 regiones
950 4425 1076 4492 animo
1100 4424 1316 4507 volvebant,
1341 4423 1481 4520 itinera,

135 4529 300 4616 labores,
326 4531 445 4598 Divini
477 4533 581 4600 verbi
612 4531 855 4618 praeconium
884 4533 978 4601 inter
1008 4532 1175 4601 ethnicos
1207 4534 1331 4598 niente
1360 4527 1486 4596 molie-
