3674 5264
714 383 899 428 scarusrnu.
1432 365 1472 428 23

133 483 268 561 habeat
297 489 342 562 ut
371 464 549 562 sororem.
582 483 622 562 Si
650 489 793 577 autem,
824 485 921 585 quod
941 509 1134 584 nunquam
1164 507 1203 560 se
1231 483 1396 560 invicem
1415 509 1478 560 co·

133 605 355 702 gnoverint,
387 605 493 680 ambo
522 604 709 699 fatentur,
741 627 826 680 curn
856 604 1019 706 septima
1037 628 1152 680 manu
1181 604 1478 705 propinquorum

132 723 192 799 vel
232 723 448 802 vicinorum
486 726 602 802 bonae
639 725 763 802 famae
796 723 846 830 (si
876 724 1077 826 propinqui
1113 721 1323 826 defuerint)
1361 725 1477 800 tactis

132 848 384 922 sacrosanctis
413 845 626 948 evangeliis
655 849 812 945 uterque
841 843 1085 940 iureiurando
1112 843 1230 937 dicat,
1252 845 1349 946 quod
1378 868 1479 920 nun-

130 989 243 1065 quam
271 991 338 1070 per
363 967 491 1043 carnis
519 966 693 1068 copulam
721 990 798 1041 una
826 989 913 1040 caro
940 965 1067 1041 effecti
1094 964 1282 1056 fuissent3
1314 970 1354 1041 et
1382 969 1476 1041 tunc
1579 995 1586 1008 ··

130 1085 299 1179 videtur,
330 1087 428 1188 quod
456 1087 595 1163 mulier
623 1087 751 1162 valeat
779 1086 826 1160 ad
854 1085 1039 1162 secundas
1067 1086 1221 1186 nuptias
1255 1085 1473 1162 convolare.

131 1205 276 1282 Verum
307 1208 339 1282 si
369 1206 433 1282 ille
460 1207 577 1283 aliam
605 1207 773 1300 duxerit,
805 1210 898 1282 tunc
927 1206 991 1299 hi',
1032 1205 1095 1306 qui
1124 1207 1367 1301 iuraverant,
1409 1229 1476 1284 am

129 1349 307 1404 renruau
337 1351 595 1420 reunnuruu,
634 1331 673 1403 et
701 1350 880 1404 rendere
908 1351 1165 1404 poemrmrrn
1193 1349 1397 1404 coenarum
1426 1352 1477 1404 nn

129 1471 324 1526 coxvuarn
353 1472 500 1526 parona
529 1473 676 1526 adorna
696 1479 732 1522 ›.

99 1559 102 1564 ’
214 1568 436 1684 lffraelatum
464 1573 595 1671 caput,
626 1570 754 1672 prouti
782 1569 896 1663 iacet,
928 1570 1106 1663 recitavi,
1138 1571 1227 1670 quia
1244 1569 1331 1672 plus
1360 1570 1477 1647 semel

130 1688 209 1763 vidi
238 1689 446 1765 causidicos
472 1690 538 1790 qui
557 1690 848 1794 contendebant,
871 1690 944 1765 etsi
964 1690 1134 1768 infausto
1157 1715 1312 1793 prorsus
1331 1692 1471 1784 omine,

131 1809 393 1886 Caelestinum
421 1809 477 1886 ΙΙΙ
494 1809 551 1886 ad
580 1810 858 1886 excludendum
886 1799 1030 1887 fraudis
1059 1816 1099 1886 et
1126 1811 1347 1888 collusionis
1377 1813 1513 1916 peri-.

130 1929 274 2022 culum,
306 1931 402 2032 quod
429 1931 698 2025 confessiones,
730 1933 769 2008 in
799 1931 932 2034 quibus
970 1933 1150 2033 coniuges
1178 1933 1309 2008 iurant
1338 1958 1377 2008 se
1405 1933 1479 2008 mi·
1542 1945 1545 1952 ’

130 2052 232 2127 nime
266 2052 449 2146 coivisse,
489 2057 684 2156 suspectas
726 2045 872 2147 reddit,
912 2056 1134 2130 contentum
1172 2079 1253 2130 esse
1291 2061 1477 2156 septimae

131 2199 278 2248 orarius
305 2171 490 2266 testibus,
531 2173 594 2274 qui
624 2172 839 2258 huiusmodi
875 2174 1055 2275 coniuges
1084 2200 1106 2248 a
1134 2174 1302 2277 periurio
1329 2163 1473 2250 alienos

129 2303 167 2369 et
194 2293 301 2369 omni
327 2293 400 2368 fide
427 2293 562 2394 dignos
592 2294 770 2370 habeant.
803 2295 858 2369 nt
886 2318 995 2369 casus
1024 2293 1282 2371 acaelsuno
1311 2296 1417 2396 Papa
1436 2294 1477 2370 in

129 2415 321 2517 praesenti
349 2415 472 2518 capite
500 2439 704 2518 expensus,
727 2442 749 2490 a
767 2419 898 2490 nostro
917 2439 1007 2490 casu
1027 2417 1108 2490 eta
1135 2415 1282 2490 casibus
1302 2416 1475 2491 omnibus

128 2536 167 2613 in
198 2535 333 2636 quibus
360 2535 492 2636 agitur
518 2535 563 2610 de
598 2535 878 2637 dispensatione
907 2559 1020 2637 super
1047 2534 1290 2611 matrimonio
1324 2539 1407 2612 rato
1435 2539 1475 2612 et

129 2679 204 2731 non
233 2657 509 2749 consummate,
546 2655 666 2732 distat
694 2659 880 2756 quantum
916 2681 939 2730 a
967 2654 1069 2731 coelo
1097 2660 1215 2749 terra,
1245 2654 1398 2731 finitum
1433 2656 1476 2731 ab

129 2777 297 2854 infinito.
331 2770 334 2778 ’

209 2897 270 2974 Re
298 2921 460 2998 namque
488 2922 580 2974 vera
608 2898 649 2974 in
679 2897 802 3000 specie
831 2894 1049 2973 Caelestino
1078 2893 1136 2971 Ill
1174 2897 1368 2999 proposita
1397 2921 1476 2972 rna-

127 3017 302 3094 trirnonii
330 3017 648 3093 consummationi
677 3017 848 3093 obstabat
876 3017 951 3092 viri
986 3041 1205 3094 rarornrrns
1234 3039 1473 3110 varunnam,

128 3162 240 3238 quam
271 3137 334 3212 vir
361 3137 441 3240 ipse
469 3139 731 3240 profitebatur.
763 3137 924 3239 Ideoque
948 3137 1169 3214 collusionis
1188 3143 1301 3239 atque
1332 3137 1476 3214 fraudis

128 3255 293 3360 suspicio
323 3257 434 3334 facile
461 3260 645 3352 cessabat,
677 3259 766 3360 quia
793 3260 869 3352 vir,
902 3259 1014 3360 genio
1043 3265 1175 3361 aptum
1207 3265 1321 3362 caput
1348 3259 1475 3363 potius

127 3381 192 3456 dat
220 3405 334 3481 quam
363 3384 483 3456 semet
511 3380 552 3456 in
581 3379 719 3456 inutile
739 3380 888 3482 lignum
907 3379 1057 3456 traduci
1086 3379 1302 3482 permittat.
1335 3381 1389 3454 At
1409 3405 1478 3455 no-

127 3507 209 3577 stra
236 3501 278 3576 in
306 3501 568 3578 controversia
595 3497 742 3577 nullum
774 3527 822 3577 ox
850 3501 1058 3576 collusione
1090 3500 1362 3576 detrimentum
1391 3501 1478 3577 viro

128 3621 321 3724 provenit,
352 3621 441 3722 quia
468 3647 537 3698 sua
564 3622 737 3724 potentia
763 3624 876 3697 extra
903 3645 1053 3696 omnem
1080 3620 1328 3698 dubitationis
1353 3621 1475 3698 aleam

128 3741 255 3843 posita
282 3745 356 3816 est.
389 3741 555 3834 Deinde,
592 3739 778 3818 Pon-tifex
806 3745 917 3816 cavet
947 3745 991 3817 ut
1031 3750 1107 3818 «st
1134 3743 1198 3817 ule
1225 3740 1321 3845 (vir)
1351 3743 1474 3818 aliurn

127 3863 303 3945 ‹lecca-u,
336 3873 428 3936 tre-tro
456 3863 512 3946 lu,
543 3871 612 3964 qui
638 3871 884 3944 z'urneeront,
919 3870 976 3937 ret
1003 3870 1178 3966 periurii
1205 3876 1413 3944 teneantur
1441 3875 1477 3938 et

118 3991 283 4083 peracta
306 3989 548 4083 poeru'tentz'o
577 3996 772 4085 coquntur
801 3985 853 4058 orl
881 4007 1075 4061 convussrn
1094 4009 1243 4061 Parcae
1272 4009 1416 4060 nnuma
1435 4013 1473 4057 ›.

126 4101 287 4178 Minime
326 4107 418 4177 sunt
455 4103 502 4178 ad
536 4103 763 4180 collusiones
801 4104 988 4205 proclives
1026 4106 1206 4208 coniuges
1244 4131 1330 4181 oum
1362 4108 1477 4208 probe
1532 4111 1540 4132 ⁸

126 4221 254 4310 sciunt
283 4245 324 4298 se
352 4221 544 4298 incassum
564 4222 747 4317 laborare,
780 4223 882 4324 quia,
905 4223 937 4298 si
960 4224 1056 4300 alias
1077 4225 1231 4327 nuptias
1250 4225 1469 4317 concilient,

125 4343 259 4419 multis
297 4345 337 4417 ct
366 4343 496 4444 poenis
534 4357 731 4446 coquntur
769 4346 822 4419 ud
855 4347 1048 4420 rorrnrcbto
1081 4353 1223 4447 priora
1262 4347 1401 4420 redire.
1438 4347 1471 4422 Ε

126 4467 260 4540 contra
294 4467 427 4540 nostro
465 4465 505 4540 in
542 4489 632 4542 casu
670 4488 893 4541 aerumnoso
929 4465 1175 4542 matrimonio
1219 4465 1474 4542 sanstissirnas

128 4582 382 4660 substituendi
411 4583 566 4687 nuptias
596 4584 636 4661 in
664 4585 784 4686 iisque
813 4586 968 4688 impune
997 4585 1043 4661 ad
1076 4587 1200 4662 vitam
1230 4586 1473 4688 permanendi

130 4727 191 4804 spe
218 4705 327 4780 ambo
355 4704 535 4806 coniuges
565 4705 872 4800 inflammantem
905 4712 944 4781 et
965 4707 1074 4810 proin
1103 4707 1332 4801 invincibili,
1354 4707 1477 4783 utiba
