3672 5216
1375 323 1433 388 ite

111 483 255 543 tristitia
274 479 454 541 [netelton
473 480 650 539 sanctissimi
670 480 698 537 ii.
718 479 747 539 ii.
769 479 868 538 leonia
887 478 940 536 iiiii
960 479 994 535 ari
1014 477 1163 548 Episcopoa
1182 475 1356 547 iinmeritam
1377 490 1432 545 qua

173 575 252 643 tolet,
272 574 342 641 avon
363 585 449 640 nnnnr
467 585 516 639 ner
535 572 612 641 infles
630 569 729 627 civiles
746 567 851 626 tuerint
874 567 987 625 cinerata
1008 568 1066 625 aiia
1088 582 1140 624 nnn
1164 566 1253 625 nninns
1275 567 1432 636 perniciosa

173 662 311 720 [misniae
334 661 499 731 natnniieae,
519 673 598 730 avan
618 672 688 728 qvae
707 659 789 715 antea
807 659 919 716 tenuta
937 657 1057 715 iverant.

188 1087 374 1157 Constanti
399 1086 665 1174 Hungarorum
692 1085 727 1154 in
752 1085 850 1155 hanc
874 1082 1126 1172 Apostolicum
1147 1083 1283 1154 Sedem
1309 1084 1431 1171 pietati

105 1195 429 1282 observantiaeque
453 1199 607 1282 paterna·
629 1213 781 1281 semper
804 1192 1022 1281 pontificum
1050 1211 1295 1262 romanorum
1321 1193 1431 1262 hene·

106 1303 255 1372 volentia
280 1308 412 1371 mutuo
436 1301 700 1390 cumulateque
725 1302 931 1389 respondit,
955 1303 1108 1388 Nosque
1124 1300 1192 1388 ipsi
1210 1300 1433 1388 praecipuae

103 1409 257 1482 (raritatis
293 1407 622 1496 providentiaeque
656 1409 865 1477 tesiimonia
902 1427 1098 1495 nunquam
1127 1408 1229 1495 passi
1252 1424 1434 1476 sumusa

103 1517 204 1586 voltis
227 1537 248 1585 a
273 1519 383 1605 genie
407 1519 529 1584 vestra
555 1515 769 1584 desiderari.
806 1515 1016 1584 Istiusmodi
1050 1533 1139 1584 vero
1171 1514 1341 1584 animum
1364 1515 1434 1582 No-

100 1630 216 1694 sirum
241 1621 420 1710 singulari
444 1621 607 1709 quadam
634 1623 775 1692 ratione
798 1620 1050 1710 patefecimus,
1068 1640 1157 1690 eum
1178 1625 1323 1708 septem
1347 1623 1433 1690 ante
1521 1631 1526 1642 '

101 1747 217 1800 annos
240 1729 395 1800 maximi
420 1727 712 1818 faustissimique
736 1735 894 1799 eventus
918 1729 1141 1799 memoriam
1163 1728 1355 1818 Hungaria
1379 1745 1434 1796 ce

101 1832 261 1907 lebravit.
288 1839 393 1906 Hanc
416 1837 601 1924 siquidem
625 1838 937 1926 opportunitatem
962 1839 1067 1924 nacti,
1088 1836 1347 1925 epistolamad
1364 1853 1434 1904 vos

99 1944 281 2031 dedimus
295 1944 537 2015 venerabiles
552 1947 710 2032 Fratres,
728 1946 763 2014 in
781 1947 900 2032 eaque
916 1951 995 2015 tum
1013 1945 1433 2032 avitam-Hungarorum

98 2050 221 2140 tidem,
247 2051 400 2121 virtutes
424 2055 459 2120 et
481 2053 581 2123 clare
603 2051 698 2124 fucta
715 2053 1110 2140 commemoravimus
1127 2056 1207 2122 tum
1225 2053 1335 2122 etiam
1351 2069 1435 2120 con·

97 2159 173 2228 siiia
197 2159 396 2228 vobiscum
421 2161 468 2229 de
492 2161 606 2229 rebus
623 2161 997 2248 communicavimus,
1015 2180 1113 2248 quae
1129 2159 1176 2230 ad
1193 2159 1313 2248 gentis
1329 2159 1434 2228 istius

98 2266 256 2336 salutem
283 2271 318 2334 et
337 2267 631 2353 prosperitatem,
650 2287 717 2355 per
733 2267 827 2336 haec
843 2271 917 2337 tam
936 2266 1078 2337 intensa
1095 2267 1276 2350 catholico
1292 2266 1433 2335 nomini

99 2377 278 2460 tempora,
302 2371 494 2459 pertinere.
510 2373 733 2443 viderentur.
759 2374 901 2443 Eadem
919 2393 1008 2444 vero
1025 2393 1139 2444 causa
1157 2374 1332 2461 idemque
1354 2392 1435 2461 pro-

97 2479 259 2564 positum
286 2481 363 2548 Nos
386 2479 500 2548 modo
524 2480 718 2568 impellunt
744 2481 929 2550 utiterum
947 2483 995 2551 ad
1014 2481 1435 2568 vesperscribamus.-

97 2585 194 2655 Sane
218 2587 255 2654 in
282 2604 327 2654 eo
351 2605 488 2674 genere
513 2607 650 2676 rerum,
675 2607 773 2676 quae
796 2589 965 2657 omnium
986 2589 1132 2658 animos
1147 2589 1227 2658 istic
1243 2587 1434 2675 postremo

97 2692 167 2763 hoe
190 2699 363 2781 tempore
380 2699 656 2782 permoverunt,
675 2695 875 2783 apostolici
891 2693 1001 2764 officii
1015 2695 1138 2765 Nostri
1155 2696 1246 2765 ratio
1261 2694 1434 2782 postulat,

97 2806 134 2868 ut
157 2820 228 2870 vos
253 2801 473 2889 clerumque
497 2807 662 2873 vestrum
688 2804 735 2872 ad
760 2803 972 2872 animorum
998 2801 1253 2888 constantiam,
1279 2801 1327 2870 ad
1351 2819 1436 2870 eon·

96 2908 275 2995 cordiani,
300 2908 347 2978 ad
372 2908 598 2980 alacritatem
623 2911 658 2977 in
683 2907 895 2980 erudiendis
923 2908 1196 2996 monendisque
1225 2913 1435 2997 opportune

96 3015 245 3102 populis
261 3035 377 3086 curae
393 3021 541 3087 vestrae
556 3018 777 3087 concreditis
794 3017 941 3086 enixius
958 3016 1208 3086 cohortemur.
1219 3053 1259 3064 —
1274 3017 1347 3086 Sed
1363 3015 1434 3085 alia

97 3129 291 3211 praeterea
315 3131 403 3195 sunt
426 3127 526 3214 apud
552 3147 631 3214 voS,
655 3147 753 3215 quae
770 3146 908 3196 novam
925 3125 1178 3196 sollicitudinis
1193 3144 1349 3197 causam
1366 3127 1436 3194 No·

96 3233 151 3302 iiis
174 3233 355 3303 afferunt:
380 3233 541 3320 pericula
567 3233 813 3322 intelligimus
839 3253 943 3322 quae⁸
962 3232 1125 3322 religioni
1149 3233 1321 3322 graviora
1346 3251 1437 3321 quo-

96 3341 178 3411 tidie
202 3340 485 3428 impendent—
502 3343 603 3411 Haec
627 3341 829 3426 enimvero,
846 3341 898 3409 uti
922 3341 1144 3428 praecipuas
1166 3358 1278 3409 curas
1303 3339 1435 3428 cogita·

95 3453 294 3540 tionesque
308 3451 464 3520 Nostros
479 3451 526 3520 ad
544 3471 586 3521 se
601 3453 832 3536 convertunt,
846 3450 892 3519 ita
906 3449 1072 3519 maxime
1085 3468 1240 3536 operam
1259 3453 1433 3534 vestram,

96 3559 343 3630 Veneruiiiles
366 3561 524 3645 Fratres
547 3559 806 3630 vehementius
822 3555 1032 3646 efflagitant,
1050 3575 1211 3644 eamque
1227 3555 1336 3627 valde
1352 3574 1436 3625 con·

98 3665 252 3737 fidimus
265 3666 428 3736 consiliis
444 3663 766 3755 expectationique
779 3667 937 3735 Nostrae
950 3683 1080 3752 parem
1094 3664 1247 3732 omnino
1258 3661 1434 3733 futuram.

184 3773 296 3858 Quod
327 3773 531 3863 generatim
562 3775 609 3844 ad
638 3773 760 3844 officia
793 3771 1061 3842 catholicorum
1091 3771 1232 3858 attinet,
1257 3773 1334 3840 tarn
1358 3771 1435 3839 acri

97 3883 318 3968 pracsertim
339 3879 589 3968 insidiosaque
614 3880 862 3949 institutorum
887 3879 1173 3949 christianorum
1195 3879 1436 3968 oppugnatio·

98 4006 151 4076 ne,
175 3991 363 4060 maiorem
388 3991 423 4056 in
448 3987 605 4058 modum
637 3991 782 4075 oportet
817 3973 856 4056 ut
890 3987 1053 4056 universi
1088 3987 1185 4056 serio
1216 3987 1435 4074 naviterque

97 4097 332 4186 perpendant
347 4097 474 4184 quanti
492 4094 625 4166 relerat
641 4096 677 4162 in
694 4095 796 4164 omni
812 4100 1025 4182 temporum
1044 4112 1247 4181 rerumque
1261 4093 1435 4162 varietate

97 4204 244 4274 salvam
261 4204 564 4291 incolumemque
580 4222 664 4272 esse
680 4203 715 4270 in
732 4202 877 4272 civitate
893 4203 1119 4291 religionem,
1137 4204 1301 4290 itemque
1318 4221 1436 4290 quan·

98 4313 224 4398 iopere
250 4310 390 4380 intersit
412 4308 614 4396 perlectam
639 4309 884 4397 stabilemque
907 4309 979 4380 hac
1002 4309 1038 4378 in
1064 4329 1104 4380 re
1120 4311 1333 4380 animorum
1349 4329 1436 4379 eon·
1478 4395 1482 4403 .

99 4419 314 4488 sensionem
341 4417 496 4487 retineri.
533 4417 654 4488 Causa
689 4416 865 4486 nimirum
901 4418 1023 4505 agitur
1054 4418 1284 4490 desummo
1318 4417 1434 4486 maxi-

99 4542 238 4613 moque
268 4525 441 4593 omnium
466 4523 664 4610 bonorum,
700 4541 797 4611 cquae
821 4527 877 4591 est
900 4523 1126 4610 sempiterna
1152 4524 1350 4592 hominum
1381 4543 1436 4592 sa·

101 4630 166 4719 lus,
191 4651 319 4720 neque
342 4631 468 4700 minus
490 4631 538 4701 de
560 4631 603 4699 iis
634 4630 724 4718 ipsis
759 4630 1028 4700 conservandis
1057 4631 1278 4720 tuendisque
1311 4631 1435 4720 rebus,

193 4770 282 4830 Aeta,
302 4768 377 4816 Toni.
399 4766 506 4817 XXVI.
520 4765 597 4834 suar.
621 4765 760 4821 eoem.
1328 4771 1343 4816 e
