3674 5262
688 319 730 365 rx
754 321 780 365 s.
805 318 834 363 c.
860 319 1000 364 concini
1477 303 1516 365 57

261 444 281 485 a
308 423 332 491 l.
357 441 405 492 an
431 426 539 509 turpe
564 421 850 491 mercimonium
876 422 1005 508 sapiat,
1023 423 1183 510 ideoque
1208 423 1456 510 improbanda
1481 428 1517 492 et

163 549 186 590 ι
210 531 350 616 poenis
374 529 485 598 etiam
513 528 788 616 ecclesiasticis,
813 528 845 596 si
875 547 972 615 opus
1003 528 1130 612 luerit,
1156 530 1364 599 coercenda
1395 531 1441 598 sit
1468 530 1516 599 ab

163 658 185 698 a
210 637 412 724 Episcopis
436 655 569 706 eorum
593 635 881 722 bibliopolarum
907 636 966 705 vel
985 641 1240 706 mercatorum
1256 637 1391 724 agendi
1411 637 1514 722 ratl0,

165 765 184 806 ‹
210 743 281 830 qui
306 743 480 812 adhibitis
502 742 661 830 publicis
695 743 945 812 invitamentis
969 748 1004 812 et
1026 745 1224 830 praemiis
1250 743 1310 813 vel
1333 743 1405 814 alio
1429 762 1518 832 quo

164 871 184 912 ‹
210 869 383 940 cumque
406 850 521 918 modo
545 851 749 919 missarum
773 849 1037 938 eleemosynas
1067 847 1262 938 colligunt,
1289 856 1324 919 et
1347 850 1518 919 sacerdo-

164 979 184 1018 «
211 958 327 1042 tibus
354 959 492 1045 quihus
515 975 581 1026 eas
603 956 850 1028 celebrandas
866 957 1111 1043 committunt,
1129 977 1204 1026 non
1222 957 1431 1044 pecuniam,
1449 957 1518 1026 sed

162 1089 185 1130 ι
212 1067 336 1136 libros
359 1066 500 1137 aliasve
525 1085 672 1136 merces
696 1066 929 1153 rependunt:

262 1194 283 1235 «
309 1173 349 1241 ΙΙ.
375 1193 423 1242 an
449 1173 543 1242 haec
566 1172 702 1262 agendi
726 1171 818 1242 ratio
836 1171 918 1242 ideo
938 1173 1177 1242 cohonestari
1193 1173 1325 1256 valeat,
1344 1172 1403 1240 vel
1418 1171 1517 1258 quia,

160 1303 184 1343 ι
212 1280 321 1350 nulla
345 1281 438 1350 lacta
463 1281 731 1364 imminutione,
757 1285 810 1349 tot
832 1281 969 1350 Missae
986 1301 1006 1349 a
1025 1280 1243 1350 memoratis
1258 1279 1519 1348 collectoribus

160 1407 184 1449 ‹
210 1387 467 1457 celebrandae
491 1385 783 1473 committuntur,
802 1392 894 1476 quot
916 1387 1080 1484 collectis
1100 1387 1351 1474 eleemosynis
1369 1405 1520 1473 respon·

162 1515 185 1557 a
212 1494 342 1580 deant,
368 1495 427 1564 vel
451 1495 539 1581 quia
560 1514 628 1581 per
645 1513 729 1563 eam
747 1494 978 1581 pauperibus
993 1495 1251 1590 sacerdotibus
1268 1492 1519 1582 eleemosynis

163 1621 184 1662 ‹
213 1601 425 1669 missarum
450 1600 665 1670 carentibus
688 1603 927 1671 subvenitur:

264 1728 285 1769 «
311 1708 368 1776 ΙΙΙ.
393 1727 441 1778 an
465 1708 682 1778 huiusmodi
701 1708 1030 1796 eleemosynarum
1056 1709 1272 1779 collationes
1288 1711 1324 1777 et
1339 1707 1517 1796 erogatio·

125 1851 132 1864 ·
161 1836 186 1878 ι
214 1833 289 1884 nes
312 1819 401 1884 tunc
425 1815 536 1885 etiam
560 1816 832 1902 improbandae
855 1823 891 1884 at
913 1816 1154 1902 coercendae,
1173 1821 1213 1885 ut
1235 1813 1362 1903 supra,
1380 1815 1453 1884 sint
1468 1814 1517 1884 ab

162 1943 185 1984 ι
212 1921 424 2008 Episcopis,
448 1922 601 2010 quando
626 1922 785 2010 lucrum,
811 1924 912 2010 quod
937 1941 987 1991 ex
1010 1923 1192 1992 mercium
1209 1941 1298 1992 oum
1315 1913 1520 2009 eleemosy-

163 2047 186 2089 «
216 2027 281 2095 nis
305 2027 579 2113 permutatione
595 2027 773 2116 hauritur,
791 2047 865 2098 non
883 2029 920 2096 in
937 2030 1132 2117 proprium
1150 2027 1401 2117 colligentium
1419 2046 1519 2096 com·

164 2154 186 2196 a
215 2134 391 2220 modum,
427 2135 494 2204 sed
531 2136 568 2202 in
603 2136 752 2221 piarum
775 2137 1045 2206 institutionum
1080 2142 1116 2205 et
1138 2136 1326 2204 bonorum
1356 2153 1515 2222 operum
1624 2169 1635 2186 ·

162 2264 187 2306 c
214 2261 338 2313 usum
364 2241 424 2312 vel
447 2243 720 2313 incrementum
744 2242 993 2330 impenditur:

272 2371 291 2412 «
316 2351 377 2417 IV.
401 2370 449 2420 an
473 2351 571 2438 turpi
597 2351 840 2419 mercimonio
857 2352 1092 2434 concurrant,
1110 2349 1269 2436 ideoque
1284 2349 1521 2436 improbandi

167 2481 191 2520 c
218 2463 338 2546 aulae
362 2459 474 2528 etiam
498 2458 704 2545 coercendi,
731 2463 919 2544 utsupra,
944 2457 1017 2530 stnt
1040 2456 1072 2543 li,
1098 2456 1161 2544 qui
1192 2461 1364 2544 acceptas
1388 2475 1409 2525 a
1433 2455 1521 2526 nde

164 2586 190 2629 a
218 2565 324 2634 libus
348 2566 407 2634 vel
432 2565 521 2634 locis
546 2567 613 2652 piis
634 2566 896 2654 eleemosynas
911 2564 1115 2635 missarum
1133 2565 1284 2634 tradunt
1300 2564 1519 2652 bibliopolis,

167 2696 192 2735 «
219 2674 509 2759 mercatoribus
526 2673 682 2760 aliisque
707 2693 838 2743 earum
855 2673 1124 2758 collectoribus
1142 2673 1221 2742 slve
1239 2672 1424 2759 recipiant,
1442 2671 1522 2742 sive

165 2803 191 2844 ς
216 2799 298 2848 non
325 2780 503 2867 recipiant
525 2780 731 2867 quidquam
757 2781 806 2850 ah
829 2780 961 2850 iisdem
990 2780 1145 2866 praemii
1170 2779 1343 2847 nomine:

270 2909 289 2949 a
315 2887 359 2954 V.
383 2905 430 2956 an
456 2888 554 2974 turpi
580 2889 823 2957 mercimonio
847 2892 1082 2972 concurrant,
1101 2888 1260 2973 ideoque
1283 2885 1523 2972 improbandi

166 3017 192 3059 a
218 2999 259 3064 et
282 2993 489 3080 coercendi,
507 2999 547 3062 ut
569 3013 696 3081 supra,
720 2995 794 3062 sint
818 2995 849 3080 ii,
875 2994 983 3082 quia
1008 2994 1113 3062 dictis
1138 2991 1355 3080 bibliopolis
1374 2997 1410 3060 et
1430 3011 1524 3061 mer-

167 3123 193 3164 «
219 3101 416 3170 catoribus
439 3100 621 3188 recipiunt
643 3120 712 3188 pro
738 3101 864 3170 missis
887 3099 1121 3170 celebrandis
1142 3100 1256 3168 libros
1272 3100 1412 3170 aliasve
1430 3117 1524 3168 mer·

171 3231 194 3270 «
219 3227 299 3292 ces
325 3209 462 3277 haram
487 3209 604 3296 pretio
628 3209 709 3278 sive
732 3209 928 3277 imminuto
952 3209 1031 3277 sive
1055 3207 1220 3296 integro:

269 3315 348 3382 Vll.
373 3333 421 3385 an
445 3315 551 3385 liceat
575 3315 769 3402 Episcopis
792 3315 872 3386 sine
896 3315 1047 3403 speciali
1064 3316 1100 3385 S.
1118 3315 1226 3386 Sedis
1242 3313 1349 3382 venia
1367 3331 1416 3382 ex
1433 3311 1524 3382 elec

170 3445 194 3486 c
221 3423 398 3510 mosynis
422 3423 636 3509 missarum,
654 3443 750 3510 quas
773 3421 905 3492 fideles
929 3414 1196 3492 celebrioribus
1214 3421 1441 3491 Sanctuarlis
1457 3425 1525 3488 tra-

170 3552 195 3594 «
221 3529 318 3598 dere
341 3529 470 3615 solent,
495 3530 632 3617 aliquid
657 3531 863 3617 detrahere,
889 3535 1086 3598 uteorum
1111 3529 1235 3598 decori
1252 3541 1289 3598 et
1304 3533 1524 3598 ornamento

171 3659 194 3698 ‹
221 3637 455 3724 consulatur,
481 3639 634 3726 quando
656 3640 876 3726 praesertim
902 3659 946 3708 ea
971 3639 1131 3727 propriis
1155 3637 1334 3707 reditibus
1350 3644 1523 3708 careant:

270 3744 308 3812 in
334 3745 511 3832 peculiari
536 3750 724 3816 conventu
749 3747 835 3814 anni
861 3747 948 3815 1874
972 3746 1007 3814 S.
1025 3747 1061 3816 C.
1087 3746 1257 3814 resolvit:

273 3873 293 3913 a
318 3851 377 3920 Ad
402 3853 426 3919 Ι.
451 3851 693 3923 Affirmatire.

275 3980 295 4020 ‹
319 3957 376 4026 Ad
403 3958 443 4026 ll.
468 3960 655 4046 Negative.

274 4085 294 4138 t
318 4063 377 4133 Ad
402 4065 461 4134 lll.
487 4065 546 4132 lV.
572 4071 609 4134 et
630 4067 674 4132 V.
698 4065 941 4134 Affirmative.
1046 4055 1049 4066 ’

275 4191 295 4232 α
320 4170 377 4239 Ad
402 4173 478 4241 Vll.
503 4175 690 4266 ¹Negatire,
715 4173 786 4241 nisi
810 4173 856 4242 da
881 4191 1071 4241 consensu
1095 4169 1319 4239 oblatorum.
1344 4191 1363 4232 s
1390 4169 1436 4254 (l)

271 4278 349 4348 Sed
373 4297 460 4348 cum
483 4281 686 4367 postremis
711 4281 814 4348 hisce
838 4279 947 4349 annis
970 4277 1178 4362 constiterit,
1197 4276 1381 4346 salutares
1402 4274 1528 4344 huius-

173 4383 285 4454 modi
302 4381 564 4470 dlspositiones
579 4383 787 4471 ignorantia
801 4387 866 4452 aut
878 4382 1016 4452 malitia
1030 4381 1181 4468 saepius
1194 4379 1384 4466 neglectas
1399 4378 1516 4448 luisse

274 4637 314 4708 (l)
335 4640 433 4691 Recole
454 4639 515 4692 Vol.
530 4639 608 4702 VIII,
632 4641 691 4703 107,
713 4641 765 4692 oto
784 4646 811 4692 ct
831 4656 907 4708 seqq.
