3650 5242
390 265 447 333 130
878 284 1033 331 urrerem
1054 284 1235 330 nucleum
1278 347 1281 352 Ι

388 407 484 475 quae
508 388 543 454 in
567 385 663 454 civili
686 383 859 454 societate
873 385 944 454 ¹vel
968 386 1015 454 ad
1040 386 1202 473 quietem
1219 384 1284 460 ,vel
1308 384 1355 454 ad
1382 383 1457 451 veri
1476 381 1638 451 nominis
1655 381 1721 452 feli-

388 494 534 562 citatem
557 492 727 579 impense
750 493 1039 580 expetuntur.-
1056 493 1107 562 lta
1132 492 1242 580 plane
1266 490 1404 561 excelsi
1429 489 1476 558 illi
1503 490 1581 576 viri,
1599 491 1724 579 gratis-

386 603 558 690 simique
582 600 704 670 omnis
727 600 949 687 posteritatis
973 601 1155 670 memoria
1179 601 1289 688 digni,
1313 618 1478 683 sensere,
1503 601 1567 687 qui
1591 599 1627 667 in
1650 600 1722 670 exi·

386 710 506 778 mium
542 707 761 777 fortitudinis
795 709 909 777 animi
945 708 1163 794 exemplum
1199 707 1337 794 ubique
1369 707 1557 795 gentium,
1589 709 1722 796 quavis

386 820 514 904 aetate,
540 813 694 884 mirifice
717 816 925 901 eluxerunt,
951 834 1110 902 seseque
1136 815 1237 884 velut
1259 835 1413 884 murum
1438 834 1505 901 pro
1526 814 1721 884 demoliri

387 922 658 1011 impertierunt;
683 943 755 992 non
782 945 850 994 sua
876 925 1002 992 omnia
1026 923 1168 1008 selum,
1194 924 1258 991 sed
1286 927 1322 990 et
1346 922 1458 992 vitam
1482 922 1620 1008 ipsam,
1646 922 1723 990 reli·

383 1030 503 1119 gionis
526 1030 788 1118 Ecclesiaeque
812 1034 943 1117 causa,
970 1030 1086 1117 parati
1110 1027 1403 1117 profundere-
1420 1030 1459 1097 ln
1484 1048 1559 1117 que
1583 1031 1720 1116 pariter

385 1141 497 1210 habet
513 1139 705 1228 Hungaria
722 1143 843 1208 vestra
860 1137 1064 1208 domestica
1081 1137 1265 1224 exempla,
1281 1157 1410 1224 eaque,
1428 1137 1539 1226 longo
1556 1141 1720 1206 aetatum

350 1295 352 1298 -
385 1247 559 1334 decursu,
585 1251 620 1316 et
643 1246 759 1315 multu
784 1253 819 1314 et
842 1246 1043 1333 praeclara.
1069 1246 1164 1327 Quin
1189 1245 1304 1312 immo
1329 1244 1429 1332 qued
1451 1245 1529 1331 ipsa
1548 1245 1584 1312 in
1601 1246 1723 1316 utilin-

384 1353 452 1424 lica
475 1353 550 1424 fide
573 1375 595 1424 a
621 1354 809 1440 Stephano
834 1371 921 1440 rege
945 1357 980 1421 et
1002 1351 1180 1439 apostolo
1196 1370 1267 1420 suo
1284 1356 1444 1438 accepta,
1462 1350 1617 1421 fideliter
1634 1371 1719 1420 con-

384 1466 598 1550 stanterque
622 1459 878 1548 permanserit
904 1459 939 1527 in
964 1460 1036 1528 hec
1059 1479 1162 1544 sane,
1187 1464 1334 1546 praeter
1358 1459 1547 1548 singulare
1572 1461 1638 1529 Dei
1662 1461 1721 1529 he-

303 1595 309 1609 ·
385 1572 570 1658 neficium,
595 1570 859 1660 agnoscendus
883 1573 940 1637 est
959 1567 1103 1638 fruetus
1120 1567 1323 1636 firmissimi
1341 1568 1584 1655 perpetuique
1599 1571 1720 1656 gentis

384 1681 490 1750 istius
514 1678 710 1767 propositi,
736 1676 838 1765 qued
862 1695 998 1762 nempe
1023 1679 1169 1742 mature
1193 1673 1411 1742 intellexerit
1434 1693 1553 1761 quum
1577 1674 1624 1742 de
1640 1675 1719 1744 reli·

384 1790 493 1878 gione
517 1791 700 1876 ageretur,
724 1786 771 1854 de
793 1783 909 1873 gloria
937 1781 1107 1864 neminis,
1132 1779 1178 1849 de
1202 1781 1281 1868 ipsa
1308 1781 1556 1849 incolumitate
1571 1784 1721 1869 generis

384 1898 443 1966 sui
467 1914 621 1966 eausam
646 1894 716 1981 agi.
742 1893 879 1960 ltlirum
907 1908 993 1958 vero
1018 1907 1133 1976 quam
1151 1906 1356 1975 generosas
1372 1893 1408 1958 et
1423 1889 1586 1977 insignes
1604 1891 1723 1961 istius·

383 2007 485 2074 modi
509 2005 723 2074 animorum
754 1999 897 2070 affectio
933 1999 1085 2067 virtutes
1120 1997 1266 2066 aluerit:
1296 2017 1458 2084 quarum
1490 2017 1562 2084 ope
1593 2001 1652 2069 vel
1685 2001 1719 2068 in

384 2113 546 2182 summis
569 2117 783 2196 temporum
806 2106 1082 2176 difficultatibus
1106 2104 1348 2192 magnitudini
1374 2106 1626 2192 periculorum
1644 2129 1717 2177 nou

384 2219 601 2290 dissimilem
627 2215 793 2303 Hungari
829 2213 1049 2282 fortitudinis
1083 2213 1387 2299 constantiaeque
1423 2215 1719 2301 magnitudinem

384 2306 655 2414 opposuerunt
687 2325 828 2392 Earum
863 2340 955 2390 sane
990 2319 1174 2406 praesidio
1199 2321 1396 2407 virtutum,
1422 2341 1541 2408 quum
1570 2323 1719 2394 iteratas
1819 2315 1820 2326 ’

384 2435 623 2503 Tartarorum
651 2431 893 2517 incursiones,
919 2434 996 2496 tum
1022 2428 1131 2496 etiam
1156 2427 1351 2496 diuturnos
1367 2429 1629 2518 immanesque
1646 2435 1720 2502 tlu-
1819 2415 1820 2456 ³

385 2541 687 2611 liumednnorum
712 2538 873 2624 impetus
898 2536 1018 2605 invicti
1044 2536 1263 2608 refutarunt:
1288 2537 1386 2624 digni
1404 2555 1496 2607 sane
1512 2540 1576 2626 qui
1591 2541 1626 2610 in
1647 2541 1719 2610 hoo

383 2654 460 2720 trim
484 2646 693 2736 periculoso
717 2646 919 2714 certamine
943 2645 991 2712 ab
1015 2647 1152 2714 exieris
1176 2645 1287 2714 etiam
1311 2645 1491 2733 gentibus,
1510 2667 1530 2716 a
1552 2649 1721 2736 principi·
1819 2633 1820 2716 l

383 2758 455 2826 bus
470 2755 641 2840 summis
659 2739 825 2822 maxime
842 2773 863 2819 a
881 2753 1047 2822 romanis
1062 2753 1313 2826 Pontificibus,
1332 2754 1434 2820 omni
1450 2755 1720 2826 adiuvarentur

384 2865 567 2950 subsidi0;
593 2861 837 2948 nequeenim
862 2858 1006 2930 deiide
1032 2862 1292 2929 tantummodo
1318 2860 1550 2950 imperioque
1570 2863 1721 2954 Hunga-
1819 2897 1820 2906 κ

383 2991 522 3058 rorum,
547 2970 613 3040 sed
637 2971 684 3038 de
708 2968 788 3054 ipsa
814 2968 989 3056 religione
1012 2969 1201 3056 catholica,
1227 2969 1273 3038 de
1297 2969 1504 3040 Occidentis
1528 2971 1647 3042 salute
1671 2973 1722 3041 di·

383 3081 600 3150 micabotur.
617 3075 791 3144 -Simili
816 3076 957 3145 ratione
981 3077 1229 3146 recentiorum
1260 3075 1498 3146 sacculorum
1524 3078 1720 3167 procellas

383 3207 481 3276 quae
505 3191 580 3257 tam
609 3202 746 3272 graves
781 3183 889 3285 apud¹
916 3182 1092 3254 finitimus
1126 3188 1255 3272 gentes
1290 3184 1439 3253 edidere
1474 3184 1624 3272 ruinae,
1649 3187 1719 3256 etsi
1819 3207 1820 3214 ¹

383 3314 514 3366 earum
539 3291 749 3360 violentiam
768 3289 847 3378 ipsa
863 3310 1014 3378 quique
1030 3292 1146 3360 sensit
1162 3291 1363 3378 Hungariu,
1381 3291 1619 3378 iacturasque
1635 3290 1720 3361 fecit
1819 3289 1820 3294 ’

383 3422 458 3471 non
482 3419 574 3469 sane
598 3399 710 3485 leves
734 3417 868 3486 sospes
893 3403 1016 3468 tamen
1041 3397 1189 3486 effugit3
1214 3396 1438 3485 effugietque
1461 3397 1498 3466 in
1523 3401 1720 3484 posterum

271 3593 274 3600 .
383 3511 414 3577 si
438 3508 551 3576 medo
575 3525 670 3575 suus
694 3505 880 3592 religionis
903 3509 974 3574 stet
997 3506 1127 3588 hortos,
1153 3523 1361 3592 omnesque
1379 3511 1604 3595 pernoscant
1619 3525 1720 3592 quae

382 3637 451 3685 sua
476 3614 657 3702 cuiusque
681 3614 753 3682 sint
772 3613 984 3700 quetidiana
1004 3612 1136 3700 efficio,
1154 3631 1273 3700 eaque
1289 3611 1567 3701 diligentissime
1583 3613 1720 3682 colant.

470 3724 591 3810 Atque
617 3725 655 3790 ut
678 3722 725 3790 ad
749 3741 793 3789 ea
818 3721 1025 3804 veniamne,
1051 3740 1149 3808 quae
1172 3721 1404 3809 prepositum
1429 3722 1608 3789 Nostrum
1637 3739 1722 3806 pro-
1819 3709 1820 3776 ἔ

382 3831 466 3918 pius
489 3829 679 3917 attingunt,
705 3829 805 3898 haud
831 3829 1007 3897 mediocri
1031 3827 1194 3915 profecto
1222 3828 1336 3896 animi
1367 3828 1496 3897 dolere
1528 3829 1722 3916 perspexi·

381 3957 478 4024 rnuS,
503 3940 649 4024 praeter
673 3955 717 4006 ea
741 3956 839 4022 quae
865 3936 899 4002 in
925 3935 1138 4022 Hungariae
1162 3934 1315 4022 legibus
1337 3936 1386 4005 uti
1412 3935 1504 4004 alius
1520 3936 1720 4022 conquesti

381 4065 537 4130 sumus,
576 4063 694 4112 «eum
719 4044 905 4112 Ecclesiae
935 4043 1077 4111 iuribus
1108 4042 1319 4131 discrepant.
1342 4047 1377 4114 et
1400 4045 1481 4113 eius
1505 4043 1719 4114 facultatem
1819 4085 1820 4116 2

385 4175 403 4218 a
419 4152 552 4240 agendi
577 4153 750 4219 minuunt
773 4169 816 4219 ac
840 4149 1060 4237 professioni
1079 4151 1247 4220 catholici
1263 4151 1425 4221 nominis
1442 4151 1609 4222 officiunt
1625 4153 1671 4240 (1)
1686 4177 1718 4241 ›>‚
1819 4137 1820 4230 ζ

381 4266 416 4330 et
439 4261 507 4329 alin
532 4259 647 4328 fuisse
672 4258 871 4345 postremis
896 4258 997 4326 lusce
1021 4259 1129 4327 aunis
1153 4260 1211 4328 vel
1236 4259 1383 4346 publica
1415 4261 1629 4330 atteteritate
1654 4261 1718 4330 dc·
1819 4335 1820 4344 ,

380 4372 478 4437 creta
507 4367 563 4436 vel
588 4372 678 4454 acta,
705 4367 806 4436 haud
831 4367 955 4435 minus
972 4386 1063 4436 sane
1080 4368 1267 4438 Ecclesiae
1284 4367 1351 4454 ipsi
1370 4367 1496 4455 reique
1512 4369 1719 4438 catholicae

465 4599 500 4660 (l)
518 4598 602 4658 Epist.
623 4599 731 4658 Eneyel.
751 4599 786 4646 ad
803 4599 950 4658 Episcopus
969 4601 1055 4658 liung.
1076 4599 1118 4647 die
1135 4602 1165 4646 22
1183 4604 1250 4658 Aug.
1271 4601 1337 4646 1886.
