3674 5264
350 178 389 241 ot
912 193 1077 239 uenenum
1099 198 1120 241 ι.

348 316 414 363 non
438 296 544 363 obsint
568 297 800 383 impedimenta
824 315 925 383 super
948 297 1065 383 quibus
1091 298 1233 364 Ecclesia
1251 318 1315 364 non
1331 310 1441 386 potest
1456 310 1510 366 aut
1526 320 1592 367 non
1608 302 1696 370 solet

348 399 543 492 dispensare
560 405 662 490 putati
686 396 842 490 coniuges
867 402 1061 491 baptizandi,
1080 403 1112 469 in
1133 402 1215 470 bona
1240 405 1305 472 fide
1330 416 1363 472 et
1386 407 1418 471 in
1444 407 1560 474 actuali
1583 409 1694 475 matri-

347 513 448 579 monii
471 513 675 599 possessione
699 511 909 597 relinquendi
926 521 1012 576 sunt.
1036 513 1070 576 ln
1094 511 1221 578 casibus
1245 523 1354 578 autem
1378 505 1627 604 difficilioribus,
1644 514 1693 580 uti

343 622 373 688 si
398 641 450 688 ex.
470 609 524 709 xgr.
549 621 672 710 primae
697 619 831 707 nuptiae
856 618 1066 705 impotentiae
1090 629 1144 684 aut
1169 621 1216 685 vis
1242 631 1275 686 et
1300 629 1406 686 metus
1422 620 1502 686 vitio
1527 621 1692 704 laborent,

236 752 238 758 ·
345 747 398 795 res
423 729 597 796 relerenda
622 739 670 794 est
694 728 732 794 ad
758 730 789 794 S
808 725 942 808 Sedem,
968 725 1161 791 transmissis
1184 726 1275 813 actis,
1302 737 1335 794 et
1357 738 1506 794 accurate
1538 727 1692 814 expositis

347 835 498 902 omnibus
522 857 613 903 casus
635 835 841 908 adiunctis

435 943 467 1010 Si
491 943 636 1029 denique
660 941 754 1008 ambo
772 939 927 1027 coniuges
950 939 1092 1008 invalide
1118 940 1268 1027 baptizati
1294 941 1541 1028 dignoscantur,
1559 954 1592 1007 et
1608 941 1693 1006 alter

346 1061 472 1118 tantum
497 1050 643 1116 converti
666 1049 760 1132 velit,
787 1058 864 1113 tunc
890 1047 983 1113 lacile
1007 1045 1078 1114 lieri
1101 1047 1225 1133 poterit
1249 1059 1286 1115 ut
1320 1049 1394 1115 buic
1419 1048 1608 1116 consulatur
1630 1067 1725 1134 per,
1821 1035 1822 1086 ἶ

345 1157 531 1245 legitimum
557 1175 651 1223 nsum
674 1155 843 1241 privilegii
867 1176 882 1219 a
906 1159 941 1221 ll.
966 1154 1064 1219 Paulo
1088 1153 1121 1220 in
1145 1154 1291 1233 [arerem
1313 1155 1389 1223 fidei
1405 1155 1616 1242 promulgati,
1643 1155 1692 1220 ina

345 1265 519 1350 terpellato
537 1262 663 1330 scilicet
686 1259 788 1347 priori
812 1261 953 1347 coniuge
970 1259 1108 1327 infideli.
1127 1265 1154 1328 Α
1170 1281 1232 1347 qua
1248 1263 1527 1349 interpellatione,
1545 1261 1571 1328 si
1587 1263 1691 1328 iustae

271 1357 273 1361 Α
344 1361 616 1455 rationabilesque
648 1387 763 1434 causae
791 1367 913 1450 adsint,
948 1367 1199 1454 dispensabitur.
1226 1371 1329 1434 lustae
1362 1379 1472 1436 autem
1502 1368 1690 1436 huiusmodi

344 1496 457 1544 causae
483 1487 561 1543 tunc
585 1475 723 1542 aderunt
748 1493 822 1541 cum
839 1495 880 1539 er
896 1493 1052 1560 processu
1072 1472 1189 1540 saltem
1212 1475 1387 1540 summario
1406 1487 1438 1539 et
1455 1474 1691 1541 extraiudiciali

343 1582 511 1650 moraliter
534 1591 661 1647 constet
686 1582 859 1666 coniugem
885 1579 1054 1646 infidelem
1080 1579 1284 1666 interpellari
1307 1599 1373 1646 non
1397 1599 1506 1667 posse,
1525 1591 1579 1646 aut
1595 1580 1695 1647 inter-

343 1691 557 1778 pellationem
579 1690 633 1754 rel
658 1687 808 1755 inutilem
834 1688 885 1752 rel
912 1687 1055 1774 graviter
1079 1685 1296 1771 periculosam
1319 1685 1462 1752 futuram
1488 1706 1569 1752 esse.
1588 1690 1692 1754 blatri-

345 1798 492 1868 monium
511 1816 590 1862 vero
608 1796 678 1861 eius
695 1813 769 1860 curn
786 1812 851 1878 quo
867 1792 1091 1879 dispensatum
1109 1791 1223 1874 luerit,
1242 1791 1366 1856 etiamsi
1383 1801 1495 1878 postea
1511 1792 1692 1860 innotuerit

345 1904 521 1991 coniugem
544 1901 714 1967 infidelem
745 1917 835 1965 suam
863 1899 1067 1964 voluntatem
1095 1898 1178 1963 iuste
1210 1897 1403 1984 impeditam
1434 1898 1600 1965 declarare
1625 1899 1692 1966 iton

284 2095 287 2102 ,
343 2009 504 2097 potuisse,
530 2017 563 2072 et
586 2007 625 2073 ad
650 2005 759 2086 fidem,
775 2005 873 2069 etiam
898 2014 1047 2089 tempore
1065 2003 1134 2068 initi
1152 2003 1345 2068 matrimonii
1365 2023 1560 2072 conversum
1577 2005 1692 2089 luisse,

344 2114 556 2184 nibilominus
580 2131 758 2197 numquam
783 2111 937 2203 rescindi,
963 2109 1020 2176 sed
1045 2109 1189 2175 ualidum
1214 2128 1285 2175 esse
1309 2109 1456 2201 debebit.

411 2398 505 2455 const.
526 2397 566 2453 ΡΙΙ
587 2396 636 2452 ΡΡ.
658 2396 688 2453 tt.
708 2398 727 2452 2
747 2395 862 2465 darnart
885 2397 944 2452 1571
967 2425 999 2435 -
1020 2394 1176 2463 indulcetur
1196 2395 1269 2450 tutte
1289 2395 1392 2452 babere
1412 2396 1450 2454 utl
1472 2397 1621 2465 tautttmauu

741 2499 852 2541 uxorein
872 2498 942 2551 cuae
961 2497 1022 2540 cunt
1042 2485 1103 2540 vlt-o
1123 2484 1287 2552 baptizatur.

433 2666 565 2732 llomani
591 2664 753 2730 Pontificio
778 2685 878 2766 aequa
904 2675 936 2730 et
960 2665 1196 2751 circumspecta
1222 2666 1440 2752 providentia,
1467 2687 1509 2732 ne
1536 2687 1572 2733 ea
1604 2688 1692 2754 quae

344 2774 404 2842 pro
428 2754 555 2821 salubri
573 2755 728 2820 Indorum
757 2755 885 2818 noviter
909 2753 947 2820 ad
972 2754 1071 2820 fidem
1103 2774 1335 2822 conversorum
1367 2756 1548 2822 directione
1572 2758 1691 2825 sanciri

223 2879 225 2882 v
337 2845 466 2920 ,debent
490 2853 524 2908 et
550 2841 731 2923 terminari,
757 2842 891 2908 alicuius
921 2841 1139 2908 haesitationis
1167 2845 1322 2929 scrupulo
1353 2843 1550 2928 subiaceant,
1579 2846 1690 2912 decla-

344 2931 522 2998 rationibus
540 2941 572 2996 et
588 2930 656 2994 aliis
681 2931 874 3016 opportunis
898 2931 1069 2998 consuevit
1091 2931 1268 3017 providere
1294 2933 1461 2998 remediis.
1481 2936 1562 2999 (lum
1580 2934 1691 3019 itaque

343 3019 427 3086 sicut
451 3019 647 3118 accepimus,
666 3019 774 3087 ludis
769 3037 801 3084 ιιι
818 3041 872 3086 sua
890 3019 1083 3085 infidelitate
1107 3020 1312 3086 manentibus
1329 3021 1440 3106 plures
1457 3022 1692 3108 permittantur

343 3127 477 3192 uxores,
502 3127 580 3194 quas
604 3107 664 3192 ipsi
690 3110 786 3174 etiam
810 3108 979 3174 levissimis
1004 3109 1045 3174 de
1070 3108 1171 3173 causis
1196 3109 1383 3194 repudiant,
1403 3109 1476 3175 binc
1498 3109 1621 3177 lactum
1639 3123 1690 3177 est

344 3197 432 3281 quod
459 3159 691 3283 recipientibus
715 3197 913 3284 Baptismum
937 3199 1130 3298 permissum
1149 3198 1189 3261 sit
1205 3215 1398 3282 permanere
1424 3218 1498 3263 cum
1515 3217 1552 3264 ea
1569 3219 1689 3301 uxore,

329 3303 427 3368 ¹quae
450 3286 547 3351 simul
566 3303 639 3350 cnm
657 3288 771 3351 marito
789 3285 944 3387 baptizata
963 3287 1095 3366 eristit;
1123 3297 1156 3351 et
1181 3285 1253 3369 quia
1269 3304 1506 3370 saepenumero
1528 3289 1690 3389 contingit

343 3373 434 3460 illam
458 3393 523 3440 non
549 3393 618 3439 esse
643 3375 781 3458 primam
809 3377 996 3460 coniugem,
1027 3335 1115 3440 uude
1147 3385 1212 3438 tam
1244 3374 1378 3439 Ministri
1406 3396 1502 3461 quam
1536 3377 1690 3464 Episcopi

344 3455 540 3562 gravissimis
563 3464 725 3547 scrupulis
749 3472 958 3548 torquentur,
985 3463 1207 3528 existimantes
1224 3461 1305 3528 illud
1324 3482 1388 3528 non
1406 3483 1609 3530 essenorum
1625 3485 1691 3530 ma-

343 3550 558 3636 trimonium3
593 3553 650 3615 sed
682 3553 755 3638 quia
787 3551 994 3618 durissimum
1021 3561 1069 3615 est
1093 3570 1244 3637 separare
1269 3571 1324 3616 eos
1348 3551 1386 3616 ab
1410 3552 1579 3636 uxoribus,
1612 3573 1690 3620 cum

345 3637 493 3726 quibus
487 3657 548 3722 ipsi
539 3639 633 3705 ludi
649 3642 847 3727 Baptismum
865 3649 1092 3725 susceperunt,
1107 3641 1248 3705 maxime
1265 3640 1339 3725 qnia
1357 3641 1585 3708 difficillimum
1602 3643 1690 3709 loret

345 3728 485 3814 primam
509 3727 682 3814 coniugem
707 3729 878 3817 reperire:
904 3728 980 3793 ideo
984 3731 1072 3827 ΙΝιιι,
1091 3730 1186 3794 statui
1203 3728 1365 3794 dictorum
1381 3731 1534 3796 ludorum
1550 3737 1692 3815 paterno

344 3817 462 3883 aflectu
487 3817 629 3902 benigne
653 3821 836 3918 consulere,
862 3825 958 3900 atque
982 3817 1068 3902 ipsos
1094 3819 1271 3918 Episcopus
1295 3829 1328 3883 et
1351 3818 1511 3884 Ministros
1527 3817 1566 3883 ab
1582 3819 1692 3884 huius-

345 3905 434 3970 modi
463 3905 625 3990 scrupulis
655 3907 800 3972 eximere
830 3907 992 4004 volentes,
1024 3915 1115 3970 motu
1144 3905 1278 3992 proprio
1303 3917 1337 3971 et
1365 3925 1406 3972 ex
1435 3919 1522 3973 certa
1553 3905 1691 3973 scientia

342 4005 465 4073 nostra,
491 4015 525 4059 ac
550 3995 744 4095 apostolicae
769 3993 936 4079 potestatis
959 3993 1179 4079 plenitudine,
1200 4007 1234 4060 ut
1249 3996 1332 4078 lndi,
1350 3997 1395 4061 sic
1413 4007 1448 4061 ut
1465 3993 1691 4080 praemittitur

342 4079 508 4167 baptizati,
536 4094 568 4148 et
593 4083 624 4149 in
649 4083 797 4148 futurum
822 4081 1018 4167 baptizandi,
1045 4101 1119 4147 cum
1145 4103 1260 4168 uxore,
1280 4075 1452 4168 quaecum
1482 4085 1559 4170 ipsis
1586 4080 1690 4150 fuerit

344 4133 508 4270 baptizata
528 4183 560 4237 et
584 4171 810 4257 baptizabitur,
836 4189 1005 4236 remanere
1030 4171 1168 4256 valeant,
1193 4182 1356 4257 tamquam
1381 4192 1455 4238 cum
1483 4191 1587 4238 uxore
1604 4173 1689 4256 legi-

343 4259 433 4342 tima,
459 4259 528 4325 aliis
553 4259 706 4360 dimissis,
733 4259 915 4345 Apostolica
943 4257 1146 4344 auctoritate,
1173 4271 1287 4327 tenore
1318 4261 1551 4347 praesentium,
1578 4261 1691 4326 decla-

345 4367 465 4433 ramus,
490 4349 799 4434 matrimoniumque
824 4347 1010 4414 huiusmodi
1036 4351 1195 4414 intereos
1220 4350 1367 4434 legitime
1385 4350 1562 4416 consistere
1580 4360 1641 4414 etc.

817 4527 1218 4548 mm
