3672 5216
700 277 934 323 atnxaunansa
1428 264 1483 324 lll

137 377 354 470 definitiva,
379 403 467 454 nam
497 378 610 454 iudex
639 379 710 454 sibi
738 380 955 455 reservavit
975 380 1032 455 ius
1052 379 1221 456 eamdem
1251 404 1403 455 eausam
1424 404 1488 455 co-

138 499 344 600 gnoscendi
374 500 512 574 iterum
543 504 656 600 atque
687 499 916 575 decisionem
949 486 1148 596 emittendi
1187 524 1300 602 super
1329 500 1487 603 potiori-

138 619 205 694 bus
234 619 382 694 iuribus
412 619 594 694 adversae
624 619 768 721 partis3
801 618 956 721 proinde
977 647 1046 722 nec
1064 621 1195 722 agitur
1221 620 1266 695 de
1295 621 1489 696 sententia

140 738 218 813 vim
247 737 410 813 habente
446 738 682 814 definitivae.
726 738 887 842 Insuper
916 765 990 816 non
1029 741 1159 842 agitur
1187 740 1231 816 de
1265 741 1487 842 gravamine

139 857 392 960 irreparabili,
425 859 609 960 siquidem
639 860 744 936 locus
773 864 833 936 est
862 862 1096 963 reparationi
1120 862 1153 935 si
1172 866 1322 936 constet
1350 861 1395 936 de
1423 885 1489 964 po-

141 979 299 1059 tioribus
329 980 472 1058 iuribus
501 1006 567 1082 per
586 983 816 1058 sententiam
836 982 1089 1058 definitivam.
1123 983 1248 1069 Quare
1278 980 1484 1066 concludit,

141 1126 426 1202 quaquaversus
456 1126 515 1175 res
545 1102 828 1204 perpendantur
863 1128 938 1178 non
968 1127 1049 1178 esse
1081 1103 1202 1178 locum
1241 1100 1489 1204 appellationi

139 1226 276 1298 contra
303 1222 465 1298 alteram
495 1224 709 1300 sententiae
739 1230 902 1325 partem.

221 1343 282 1419 Ad
310 1369 354 1418 ea
381 1367 472 1418 vero
501 1343 709 1420 roboranda
738 1369 832 1446 quae
861 1345 1054 1444 hucusque
1083 1343 1128 1420 de
1151 1342 1395 1420 observantia
1423 1367 1490 1444 pa-

141 1467 277 1539 tronus
306 1466 485 1549 asseruit,
517 1464 662 1565 allegat
690 1465 877 1541 nonnulla
904 1466 1126 1542 testimonia
1154 1490 1248 1565 quae
1277 1463 1361 1543 ΕΕ.
1390 1463 1482 1537 VV.

140 1584 305 1660 fideliter
334 1584 515 1660 videntur
534 1585 747 1660 referenda.
781 1587 835 1662 Ac
864 1585 904 1661 in
924 1586 1059 1688 primis
1086 1586 1249 1662 sacrista
1269 1583 1308 1660 S.
1332 1583 1488 1659 loannis

139 1705 184 1780 de
212 1705 377 1806 parocho
392 1705 573 1798 affirmat,
597 1707 694 1804 quod
723 1731 872 1808 semper
887 1707 972 1782 iura
991 1711 1030 1782 et
1049 1730 1166 1781 onera
1196 1707 1254 1780 sui
1283 1703 1489 1780 ministerii

141 1824 319 1927 implevit
343 1825 475 1927 'super
521 1825 717 1901 territorio
758 1826 1003 1926 antiquarum
1040 1826 1324 1910 munitionum3
1376 1829 1488 1924 atque

141 1947 270 2021 eadem
302 1946 531 2046 persensisse
559 1947 604 2022 ab
637 1948 954 2040 antecessoribus
982 1946 1046 2048 qui
1074 1947 1242 2024 seniores
1271 1969 1490 2048 supremum

140 2065 240 2142 diem
270 2067 459 2142 obierunt.
492 2066 571 2142 Alii
592 2063 736 2168 pariter
765 2067 882 2178 gravi
896 2073 1022 2144 aetate
1042 2067 1204 2170 praediti
1223 2067 1322 2142 idem
1342 2070 1491 2142 testan-

141 2189 222 2264 tur.
256 2186 327 2261 His
356 2186 542 2263 accedunt
578 2193 730 2288 regesta
767 2187 999 2289 parochialia
1035 2187 1216 2263 eeclesiae
1245 2187 1285 2266 S.
1318 2177 1485 2279 loannis,

140 2335 189 2383 ex
218 2308 352 2409 quibus
381 2307 579 2406 colligitur
598 2308 853 2384 matrimoniis
872 2332 1001 2384 eornm
1022 2308 1086 2409 qui
1106 2314 1396 2384 controversum
1417 2310 1490 2382 ter-

140 2429 323 2505 ritorium
351 2428 567 2504 incolebant
587 2428 768 2529 parochos
804 2428 967 2530 praelati
1000 2429 1132 2531 templi
1152 2427 1402 2520 benedixisse,
1425 2427 1489 2528 qui

142 2550 292 2650 pariter
320 2549 482 2624 mortuis
511 2549 551 2624 in
582 2549 673 2624 locis
697 2548 879 2650 ¹capsinae
911 2547 1092 2632 Grossue,
1123 2549 1262 2650 Spoltr'.
1288 2547 1488 2648 Herboph'o

139 2674 181 2745 et
212 2695 368 2772 «sopra
397 2670 431 2745 le
461 2669 614 2745 antiche
648 2668 956 2744 fortifieazioni»
990 2671 1163 2744 extrema
1195 2667 1319 2744 officia
1348 2667 1490 2770 persol-

141 2799 301 2868 verunt.
334 2789 439 2878 Quae
467 2771 610 2882 onmia,
634 2793 834 2880 memorat,
863 2787 1050 2891 Episcopo
1079 2789 1180 2864 tanti
1210 2787 1384 2891 ponderis
1405 2788 1490 2864 visa

141 2915 248 3004 sunt,
282 2915 326 2986 ut
355 2909 393 2987 S.
427 2911 472 2988 O.
506 2911 551 2988 C.
583 2909 629 2985 de
657 2909 867 2986 rationibus
896 2910 940 2984 ab
969 2913 1097 2984 eodem
1127 2909 1301 3010 parocho
1318 2908 1489 2984 deductis

138 3033 304 3108 scribere
333 3031 432 3106 haud
461 3030 717 3107 dubitaverit:
755 3054 893 3130 graves
922 3029 1017 3104 mihi
1056 3030 1161 3106 visae
1196 3035 1307 3123 sunt,
1338 3035 1377 3105 et
1405 3017 1489 3107 ideo

139 3177 286 3254 nequeo
315 3176 390 3228 non
417 3151 620 3228 adhaerere
648 3150 802 3226 eisdem.

222 3274 385 3350 Demum
415 3273 590 3373 confugit
617 3272 662 3347 ad
692 3296 914 3374 responsum
935 3271 974 3348 S.
1000 3271 1045 3348 O.
1068 3272 1108 3347 in
1129 3271 1490 3374 Gratianopolitana

137 3392 214 3468 diei
244 3391 299 3468 21
329 3391 474 3466 Martie?
501 3389 626 3474 1892,
657 3389 717 3495 (l)
748 3391 787 3466 in
815 3415 889 3492 qua
916 3392 1060 3494 pariter
1083 3391 1127 3466 de
1157 3391 1353 3467 territorio
1381 3415 1491 3466 ever-

139 3537 271 3590 sarum
302 3513 559 3589 munitionum
588 3512 690 3586 inter
719 3513 901 3586 urbanam
929 3516 968 3586 et
996 3513 1249 3590 suburbanam
1276 3512 1490 3616 paroeciam

141 3633 512 3724 controvertebatur,
535 3657 577 3707 ae
605 3632 738 3708 recolit
767 3631 898 3707 favore
926 3630 1079 3734 parochi
1109 3631 1311 3707 suburbani
1332 3630 1490 3706 decisio·

143 3777 229 3830 nem
258 3751 443 3855 prodiisse
471 3775 514 3828 eo
542 3751 631 3853 quia
659 3775 834 3853 aggeres,
853 3749 1138 3854 propugnacula
1166 3753 1205 3825 et
1233 3754 1360 3826 cetera
1388 3747 1492 3825 mili-

143 3875 244 3950 taria
272 3899 387 3976 opera
413 3899 482 3950 ceu
509 3899 598 3976 pars
628 3873 820 3949 moenium
847 3873 947 3948 haud
976 3871 1106 3948 habita
1134 3872 1307 3948 fuerunt.

224 3993 295 4069 His
326 3993 474 4086 relatis,
507 3992 742 4096 propositum
771 3991 846 4068 suit
873 3991 1094 4068 diluendum

718 4167 923 4234 Dubium

224 4323 289 4398 Aa
317 4334 508 4402 sententio
541 4327 685 4402 Curr‘oe
716 4325 1016 4404 Alexandrinae
1042 4335 1093 4404 sit
1124 4328 1399 4430 confirmanda
1429 4327 1489 4402 rel

150 4445 396 4544 infirmando
429 4453 469 4520 r'rr
500 4475 609 4523 cosa.

226 4635 260 4695 (1)
278 4635 379 4682 aeeon
396 4637 456 4683 vor.
477 4637 558 4695 xxv,
577 4637 631 4684 149.
