3672 5216
758 299 898 344 ananan.
1442 278 1499 344 tou

237 399 388 477 Adiecit
416 402 533 478 etiam
562 403 618 478 ita
647 403 812 478 veritate
841 401 914 476 niti
942 402 1038 502 quod
1069 400 1278 504 proprietas
1308 398 1420 499 Asyli
1448 400 1500 474 sit

156 545 270 624 penes
300 520 413 613 Cata,
445 525 489 598 ut
518 545 627 598 nemo
654 547 821 624 unquam
850 523 887 598 id
915 523 956 598 in
974 523 1128 599 dubium
1148 520 1402 613 revocaverit,
1434 545 1502 596 ne-

157 667 228 742 que
248 643 332 744 ipsa
352 643 471 720 Ouria
489 643 729 746 episcopalis,
751 669 845 744 quae
865 669 1072 745 numquam
1091 641 1374 720 obmussitavit.
1406 642 1500 719 Rite

155 786 247 864 ergo
275 764 396 840 unus
425 765 742 867 Archiepiscopus
771 764 1000 858 ToletanuS,
1039 769 1080 840 et
1108 763 1318 865 Episcopus
1348 763 1500 839 Matriti
1585 826 1592 836 .

155 889 402 977 censuerunt,
435 887 700 986 presbyterum
720 885 819 964 Cata
838 911 918 962 esse
938 887 1232 990 proprietarium
1252 885 1379 985 Asyli,
1412 886 1500 986 quia

155 1004 289 1080 domus
319 1004 412 1080 haec
440 1027 516 1082 non
545 1009 693 1106 spectat
721 1005 767 1081 ad
796 1005 1054 1082 ecclesiastica
1081 1009 1192 1098 tona,
1224 1005 1288 1080 sed
1307 1031 1388 1082 esse
1407 1031 1500 1109 opus

157 1126 261 1227 pium
299 1123 438 1201 laicum
475 1130 515 1201 et
544 1123 761 1227 profanum.
801 1125 855 1202 nt
884 1125 966 1201 ideo
994 1127 1134 1204 mirum
1162 1151 1240 1202 non
1266 1151 1362 1218 esse,
1402 1127 1500 1227 quod
1611 1161 1620 1176 ¹

157 1245 298 1321 laicum
331 1245 500 1325 tribunal
531 1244 652 1323 Orani
689 1246 794 1322 hisce
826 1246 984 1323 innixus
1016 1247 1252 1324 documentis
1289 1247 1502 1324 sententia-

155 1365 273 1444 rerit.
306 1365 577 1468 proprietatem
606 1365 721 1468 Asyli
748 1391 830 1442 esse
858 1367 956 1469 apud
984 1369 1249 1471 presbyterum
1278 1368 1389 1445 Cata

237 1483 367 1584 Neque
396 1485 527 1585 oggeri
557 1485 682 1578 iuvat,
714 1487 769 1562 ait
797 1485 986 1580 defensor,
1018 1487 1114 1589 quod
1143 1488 1203 1563 vis
1227 1487 1407 1590 pecuniae
1436 1487 1502 1564 ad-

156 1603 280 1680 hibita
307 1605 347 1679 in
376 1603 678 1682 aedificationem
698 1607 812 1708 Asyli
840 1632 915 1684 non
945 1610 1133 1710 pertinuit
1160 1608 1207 1684 ad
1236 1609 1501 1711 presbyterum
1583 1593 1586 1600 ¹

156 1722 270 1815 Cata,
301 1723 364 1800 scd
393 1725 440 1800 ad
468 1724 619 1816 fideles3
651 1729 690 1802 et
718 1725 799 1802 ideo
829 1729 993 1829 Asylum
1022 1729 1179 1804 minime
1199 1726 1400 1803 dicendum
1420 1751 1502 1802 esse

156 1843 203 1918 ad
231 1844 404 1920 eumdem
433 1847 531 1924 Cata
559 1847 770 1947 pertinere,
800 1848 865 1922 sed
892 1848 939 1924 ad
968 1848 1097 1924 fideles
1126 1847 1226 1951 ipsos
1255 1847 1398 1923 autad
1428 1846 1503 1923 llo-

156 1963 328 2040 clesiam.
360 1965 458 2041 Nam
493 1965 544 2041 1⁰.
568 1971 669 2042 recte
688 1965 762 2043 dici
783 1993 860 2044 non
878 1976 1019 2071 potest,
1051 1970 1249 2072 pecuniam
1269 1968 1501 2070 praedictam

145 2083 204 2158 ad
231 2109 319 2160 eum
349 2111 423 2162 non
454 2087 698 2188 pertinuisse,
731 2087 794 2164 sed
823 2089 869 2164 ad
898 2088 1049 2181 fideles3
1090 2090 1268 2191 quoniam
1296 2113 1385 2164 vere
1414 2113 1502 2190 pars

158 2202 264 2281 illius
293 2206 473 2306 pecuniae
502 2207 547 2281 ad
576 2207 702 2310 ipsum
731 2209 944 2310 pertinuit,
986 2211 1106 2286 maior
1135 2235 1222 2312 pars
1250 2208 1296 2284 ad
1324 2209 1406 2284 eius
1435 2233 1502 2310 pa-

157 2329 302 2418 rentes,
334 2351 402 2402 ceu
431 2327 644 2403 admittunt
676 2327 775 2403 idem
811 2328 1060 2422 Ordinarius‚
1106 2334 1145 2406 et
1183 2328 1319 2428 reliqui
1356 2327 1499 2404 fideles

157 2443 214 2519 2⁰.
238 2445 338 2532 Quia
366 2444 455 2522 dato
482 2451 522 2522 et
550 2471 626 2522 nou
653 2471 830 2524 concesso
867 2449 964 2550 quod
992 2449 1097 2526 dicta
1122 2449 1284 2552 pecunia
1316 2449 1504 2549 pertinuit

157 2568 241 2640 tota
268 2565 315 2642 ad
340 2566 483 2660 fideles,
516 2591 594 2644 non
612 2567 694 2643 ideo
713 2568 905 2645 descendit
925 2569 1195 2670 consequentia
1214 2568 1389 2670 legitima
1407 2566 1505 2669 quod

157 2685 324 2788 Asylum
353 2711 429 2764 non
449 2688 636 2786 pertinuit
663 2690 710 2764 ad
729 2691 992 2792 presbyterum
1014 2691 1131 2768 Cata:
1164 2691 1301 2766 scitum
1322 2693 1382 2764 est
1400 2687 1503 2764 enim

157 2806 198 2883 in
227 2809 332 2900 iure,
369 2806 529 2886 fundum
565 2812 633 2884 aut
667 2811 941 2912 possessionem
975 2812 1127 2887 nomine
1160 2810 1272 2886 unius
1307 2813 1499 2911 emptam,

157 2927 232 3004 etsi
260 2952 346 3004 cum
376 2929 535 3030 pecunia
563 2928 711 3022 aliena,
756 2930 838 3006 fieri
876 2931 1030 3006 omnino
1064 2931 1336 3034 proprietatem
1372 2930 1500 3022 illius,

159 3049 268 3124 cuius
298 3049 450 3125 nomine
479 3052 649 3150 emptum
679 3049 776 3144 fuit,
808 3052 839 3126 si
869 3051 942 3153 ipsi
971 3051 1200 3153 regulariter
1228 3051 1373 3127 tradita
1400 3049 1499 3145 fuit,

159 3169 262 3246 sicut
290 3169 331 3246 in
359 3194 464 3246 casu.
498 3170 525 3244 l.
550 3169 588 3244 l.
624 3169 794 3250 Codicis.
827 3179 883 3247 ur.
906 3171 953 3245 Se·
979 3179 1066 3272 quis
1094 3173 1211 3247 ultrrt
1235 3172 1294 3247 cel
1320 3174 1395 3248 stbr'
1428 3173 1500 3247 sab

144 3291 323 3377 ,alterins
351 3297 524 3372 arantino,
556 3288 614 3364 rel
642 3291 772 3364 altena
794 3299 965 3393 parnrn'a
987 3300 1122 3367 emerit
1149 3337 1201 3351 -
1228 3293 1299 3368 ibi:
1335 3275 1505 3394 (Sipo-

159 3418 278 3485 carita
301 3417 435 3511 patrus
461 3408 633 3506 fiendas,
667 3418 941 3513 ntancr'ptaqae
969 3425 1198 3515 corrtparata
1227 3425 1336 3497 sant,
1368 3423 1500 3488 tamen

159 3558 249 3608 crena
279 3537 490 3632 emptiones
519 3536 660 3604 rnatrts
688 3541 778 3605 tuac
816 3539 975 3606 nornine
1010 3533 1141 3628 factas
1169 3559 1247 3608 esse
1272 3557 1501 3636 proponas,

160 3657 346 3752 r'pnorare
376 3675 454 3724 non
484 3649 592 3724 debas
621 3650 829 3724 traditione
856 3663 1023 3726 ritatrrrn
1051 3663 1162 3726 tuam
1192 3653 1396 3727 donn'nanr
1425 3677 1504 3726 esse

160 3779 411 3847 constitutam
436 3801 471 3844 ».
513 3769 612 3846 Huic
639 3775 823 3847 consonat
853 3772 961 3851 aa?
989 3783 1024 3846 rt
1048 3772 1077 3846 8
1105 3773 1276 3847 etnsrlrrn
1306 3773 1429 3855 tttnlz',
1468 3783 1504 3847 at

160 3889 359 3967 scodrus
390 3897 447 3965 tit.
479 3889 536 3964 De
565 3897 623 3964 rat
648 3891 908 3966 vindicatione
944 3889 1029 3994 (ibi)
1062 3891 1151 3966 ‹Sz'
1176 3918 1223 3966 em
1247 3919 1291 3967 aa
1312 3899 1502 3995 pecnnia,

164 4039 285 4112 qnam
315 4012 607 4114 deposueratis
635 4013 745 4116 apud
772 4037 886 4113 qnam
915 4013 1098 4088 collocata
1127 4013 1284 4109 fecerat,
1315 4015 1388 4088 sr'bt
1408 4037 1503 4114 pos-

160 4139 346 4207 sessiones
374 4139 632 4234 comparauit,
667 4139 815 4234 ipsique
844 4133 1011 4208 traditae
1038 4145 1155 4217 sant,
1188 4135 1256 4208 nn·
1281 4133 1340 4208 ael
1368 4155 1504 4208 enarres

163 4251 290 4334 tradi,
326 4251 385 4326 ael
412 4253 607 4351 quasdam
636 4279 684 4327 ea
711 4252 770 4326 ln's
799 4260 1125 4354 crrrnpensationr's
1153 4260 1274 4328 crrrrsrt
1304 4253 1351 4327 ab
1381 4259 1502 4327 tnotto

163 4397 202 4447 eo
231 4377 273 4444 in
304 4381 339 4446 te
367 4371 583 4468 transferri
609 4379 849 4448 iniuriosum
878 4384 933 4447 est
955 4403 991 4445 ».

241 4491 373 4592 Neque
401 4493 620 4569 subsumere
647 4492 758 4570 iuvat
785 4492 882 4593 quod
911 4492 1072 4595 pecunia
1094 4493 1187 4569 haec
1214 4493 1355 4568 collata
1379 4490 1455 4568 fuit
1482 4516 1507 4567 a

164 4609 348 4705 fidelibus,
380 4618 420 4689 et
448 4611 530 4688 ideo
558 4612 724 4714 Asylum
753 4611 898 4689 factum
918 4613 1036 4690 fuisse
1064 4614 1337 4717 proprietatem
1357 4636 1506 4688 sacram
