3650 5242
358 260 415 326 102
908 281 1142 326 nuaxnuuuma
1232 344 1234 352 y

433 378 578 454 Verum
608 379 848 481 potiusquam
878 380 918 456 in
961 382 1160 458 verborum
1205 382 1522 484 interpretatione
1567 384 1706 460 immo-

352 499 528 592 randum,
543 499 815 602 inspiciendam
832 509 963 578 censet
978 503 1232 578 substantiam
1249 526 1315 578 seu
1333 502 1475 578 decreti
1491 529 1700 580 summam.

352 620 506 697 Recolit
534 633 663 696 autem
684 621 914 723 Episcopum
934 623 1185 724 d’hngennes
1206 624 1246 698 in
1265 623 1450 726 pastorali
1470 623 1695 700 uisitatione

350 737 568 816 districtum
598 743 795 841 quenulam
825 747 944 818 extra·
965 745 1114 820 moenia
1143 743 1476 836 animadvertisse,
1508 745 1573 846 qui
1608 769 1702 820 'ma-

351 861 475 942 ximas
503 861 750 939 difficultates
779 864 826 938 ad
853 863 1081 967 parochialis
1115 867 1284 940 muneris
1326 865 1553 942 exercitium
1591 889 1706 966 prae-

286 1043 288 1049 s
351 987 473 1062 hebat.
515 987 572 1062 A'c
600 987 722 1090 primo
759 988 926 1064 locorum
964 989 1189 1065 distantiam
1232 988 1520 1093 deprehendisse
1561 991 1703 1066 asserit

354 1113 553 1210 patronus
585 1133 679 1208 quae
708 1116 852 1209 quanta
881 1109 999 1186 suerit
1027 1135 1075 1185 ex
1104 1089 1334 1212 geometrica
1363 1111 1491 1186 tabula
1520 1111 1560 1186 in
1602 1109 1706 1186 actis

349 1228 453 1304 edita
470 1233 509 1304 et
530 1228 716 1305 militaris
741 1231 984 1306 auctoritatis
1013 1231 1233 1307 testimonio
1274 1231 1527 1308 communiter
1568 1230 1708 1334 depre-

350 1349 463 1426 hendi
492 1357 683 1427 autumat.
716 1351 830 1432 Unde
858 1352 1130 1428 ratiocinatur:
1163 1352 1195 1426 si
1224 1352 1267 1426 ob
1286 1349 1511 1426 distantiam
1531 1352 1701 1452 agrestis

352 1472 458 1573 regio
485 1497 508 1548 a
536 1473 710 1574 paroecia
739 1473 779 1550 S.
802 1473 1003 1549 Laurentii
1027 1472 1102 1548 fuit
1121 1471 1271 1564 avulsa,
1294 1472 1460 1548 eamdem
1481 1473 1525 1547 cb
1545 1497 1703 1548 causam

349 1589 584 1693 disiunctum
612 1615 694 1668 esse
722 1591 850 1668 debuit
878 1592 1056 1693 quidquid
1086 1592 1189 1668 urbis
1217 1597 1256 1667 et
1285 1592 1480 1667 moenibus
1517 1591 1701 1666 adhaeret

323 1697 373 1786 'a
402 1695 664 1788 iurisdictione
692 1713 887 1814 paroeciae
915 1713 1070 1821 ruralis.
1111 1714 1241 1814 Neque
1282 1713 1430 1788 obstare
1459 1718 1601 1803 monet,
1633 1737 1707 1813 pa-

330 1833 484 1908 ·roehos
513 1835 553 1909 S.
585 1834 739 1909 loannis
768 1859 917 1938 semper
944 1835 985 1910 in
1014 1835 1174 1910 civitate
1202 1834 1388 1909 mansisse
1416 1841 1455 1910 et
1474 1833 1597 1910 adhuc
1616 1859 1704 1908 ma—

349 1978 457 2046 nere;
490 1978 653 2054 namque
681 1957 721 2029 in
750 1955 901 2030 decreto
930 1957 1022 2030 anni
1055 1955 1158 2032 1825
1185 1956 1356 2057 precario
1384 1956 1706 2030 tantumurbana.

348 2075 507 2150 ecclesia
535 2075 698 2176 parocho
727 2074 802 2150 suit
831 2077 1029 2177 assignata
1056 2081 1095 2151 et
1136 2061 1327 2178 quousque
1356 2075 1496 2152 ruralis
1532 2075 1699 2151 ecclesia

352 2199 611 2271 extrueretur.

354 2373 357 2380 -
429 2316 605 2395 Alteram
643 2341 796 2392 causam
840 2315 1200 2408 dismembrationiS,
1232 2309 1508 2392 animadvertit
1549 2319 1701 2410 orator,

349 2437 468 2513 fuisse
496 2463 669 2540 asperam
697 2461 966 2537 coenosamque
994 2438 1111 2529 uiam,
1143 2437 1312 2538 hyemali
1340 2437 1566 2539 praesertim
1595 2439 1697 2512 tern-

348 2583 451 2662 pore.
484 2557 604 2633 Pcrro
632 2558 702 2650 ait,
735 2557 841 2633 nullo
870 2557 950 2633 iure
979 2557 1184 2659 parochum
1213 2558 1530 2634 contradictorem
1564 2555 1696 2632 decre-

349 2685 432 2755 tum
466 2678 714 2780 interpretari
743 2677 984 2768 contendere,
1017 2682 1060 2752 ut
1093 2679 1163 2753 sibi
1192 2678 1306 2754 liceat
1346 2677 1443 2779 quod
1480 2677 1699 2780 Episcopus

348 2799 511 2903 parocho
539 2798 579 2875 S.
611 2798 811 2873 Laurentii
842 2797 1049 2899 prohibuit,
1081 2822 1214 2898 nempe
1243 2799 1423 2874 urbanam
1443 2801 1483 2873 et
1502 2803 1698 2899 agrestem

348 2922 648 2999 iurisdictionem
690 2921 825 2997 habere
871 2945 935 3024 per
974 2946 1148 3022 asperam
1192 2946 1461 3022 ecenosamque
1504 2923 1622 3002 viam.
1655 2923 1696 3000 Si

347 3048 464 3140 enim,
496 3045 637 3150 pergit,
670 3045 827 3146 longum
854 3048 893 3119 et
921 3042 1073 3121 difficile
1102 3045 1176 3120 iter
1203 3048 1286 3119 erat
1314 3070 1361 3119 ex
1390 3045 1479 3119 urbe
1507 3043 1552 3118 ad
1581 3067 1701 3145 agros

349 3167 461 3242 facile
489 3170 529 3241 et
556 3167 668 3240 breve
697 3166 741 3240 ab
769 3190 861 3266 agro
889 3165 935 3240 ad
964 3165 1094 3242 urbem
1123 3165 1206 3240 fieri
1236 3187 1310 3240 non
1339 3169 1504 3266 poterat.

430 3291 669 3380 postremam
697 3285 885 3361 rationem
914 3285 955 3361 in
983 3285 1132 3362 decreto
1151 3285 1353 3362 accessisse
1373 3289 1503 3386 putat:
1539 3317 1556 3355 <
1576 3285 1608 3360 si
1629 3309 1704 3360 no—

347 3411 485 3482 cturno
514 3411 682 3508 tempore
710 3407 883 3482 civitatis
912 3407 1046 3484 ianuas
1074 3407 1199 3483 claudi
1227 3407 1446 3506 contigerit,
1480 3410 1524 3482 ut
1543 3405 1697 3506 saepius

346 3528 430 3603 11011
459 3527 568 3619 solet,
601 3535 775 3628 aegrotos
804 3510 1028 3630 praesertim
1057 3528 1249 3630 spirituali
1269 3526 1700 3604 sacramentorumsub-

347 3649 442 3724 sidio
469 3673 612 3741 carere,
644 3649 706 3724 vel
735 3649 856 3724 serius
885 3649 1018 3724 iisdem
1047 3649 1239 3724 differri.»
1271 3647 1380 3724 Hanc
1400 3648 1584 3750 potiorem
1603 3671 1699 3722 cau·

347 3795 427 3844 sam
458 3793 577 3846 novae
604 3770 806 3846 erectionis
835 3794 910 3846 non
939 3769 1072 3862 fuisse,
1105 3769 1223 3846 infert
1252 3779 1393 3863 orator,
1417 3794 1492 3846 non
1512 3768 1620 3844 modo
1644 3793 1694 3844 ex

346 3915 389 3968 60
416 3891 513 3992 quod
541 3891 656 3966 ianua
675 3890 775 3966 haud
803 3916 949 3993 semper
977 3891 1255 3976 occludebatm’,
1288 3891 1351 3966 sed
1379 3891 1495 3966 etiam
1514 3891 1602 3992 quia
1620 3889 1695 3968 hu·

346 4011 507 4088 iusmodi
536 4009 741 4086 difficultas
770 4016 1022 4086 commeatum
1051 4010 1207 4112 respicit
1228 4035 1303 4086 non
1324 4011 1432 4088 modo
1452 4011 1496 4088 ah
1516 4011 1694 4092 interiori

346 4132 602 4207 munitionum
640 4134 771 4232 parte,
809 4130 872 4205 sed
904 4131 1020 4206 etiam
1058 4131 1102 4206 ab
1144 4138 1317 4223 externa,
1358 4156 1444 4207 cum
1483 4132 1609 4207 aditus
1647 4133 1693 4208 ab

347 4259 507 4354 utraque
544 4255 652 4354 parte
681 4249 1016 4326 intercluderetur.
1058 4251 1209 4328 Exinde
1239 4275 1327 4326 vero
1363 4253 1467 4352 sequi
1515 4251 1691 4346 adnotat,

346 4375 442 4477 quod
471 4375 504 4450 si
532 4399 640 4474 saepe
670 4371 855 4475 parochus
885 4374 1051 4449 urbanus
1078 4398 1127 4448 ex
1155 4355 1315 4448 civitate
1339 4372 1467 4473 egredi
1496 4372 1690 4474 nequibat,

346 4520 455 4597 saepe
485 4496 628 4596 pariter
656 4491 796 4567 ruralis
819 4493 946 4568 urbem
975 4492 1122 4593 ingredi
1151 4516 1226 4568 non
1243 4504 1382 4592 posset.
1404 4491 1583 4570 Ceterum
1604 4517 1699 4569 con·-

346 4614 480 4707 cludit,
526 4611 634 4688 hodie
681 4636 800 4712 neque
841 4612 990 4687 moenia
1032 4611 1233 4715 prohibent
1258 4610 1422 4688 “aditum
1466 4611 1512 4688 ad
1550 4613 1696 4690 civita-
