3694 5230
736 307 890 354 nunnius.
922 335 924 339 -
1422 291 1480 354 217

127 408 231 484 vatis
260 407 464 486 dumtaxat
492 411 646 512 pietatis
673 413 847 513 operibus
876 409 1074 488 intendere
1101 410 1265 502 debent,
1289 409 1478 485 solemnes

130 529 270 630 publici
298 529 427 607 cultus
455 534 563 608 actus
593 531 725 609 iisdem
753 534 1029 633 consequenter
1058 554 1234 608 exercere
1254 529 1481 632 permissum

129 649 203 724 erit
218 649 420 751 aliquando
435 650 581 728 ratione
596 654 751 728 tantum
771 652 967 727 cuiusdam
985 649 1189 753 peculiaris
1209 647 1477 741 concessionis

131 769 178 844 iis
205 773 338 874 tamen
366 795 514 874 semper
542 773 705 848 servatis
725 771 1020 866 conditionibus
1043 795 1138 873 quae
1157 797 1179 846 a
1198 770 1281 847 iure
1299 775 1482 847 statuun-

132 894 212 984 tur,
233 914 401 992 quaeque
428 891 469 967 in
497 917 587 968 casu
604 891 831 995 praesertim
850 891 892 968 in
912 890 1058 993 pluries
1080 892 1299 967 memoratis
1318 888 1480 966 decretis

130 1009 397 1086 continentur.

213 1130 357 1207 Deinde
385 1132 590 1208 secundum
618 1133 899 1210 controversiae
927 1136 1045 1235 caput
1072 1132 1271 1233 attingens
1296 1131 1481 1234 parochus

131 1250 246 1326 Zinni
265 1251 427 1353 denegat
446 1252 507 1328 ius
526 1253 838 1330 confraternitati
854 1253 978 1329 inesse
998 1251 1202 1355 colligendi
1222 1251 1481 1354 eleemosynas

132 1373 239 1448 intra
256 1371 456 1448 ecclesiam
483 1377 523 1449 et
550 1373 743 1476 paroeciae
763 1375 970 1467 ambitum,
991 1373 1103 1475 idque
1122 1372 1320 1449 adstruere
1339 1372 1483 1474 satagit

131 1516 181 1568 ex
207 1513 252 1566 eo
278 1490 375 1592 quod
405 1491 590 1594 parochus
619 1494 773 1569 tantum
793 1519 858 1570 seu
878 1492 1058 1570 ecclesiae
1078 1496 1203 1568 rector
1221 1492 1478 1568 intentionem

133 1611 247 1687 habet
274 1612 316 1687 in
334 1611 416 1688 iure
435 1612 650 1706 fundatam,
673 1614 754 1689 sive
774 1615 894 1715 quoad
914 1612 1140 1690 facultatem
1158 1610 1377 1714 colligendi,
1397 1612 1479 1688 sive

132 1731 337 1834 recipiendi
366 1737 406 1809 et
433 1733 726 1810 administrandi
748 1758 792 1809 ea
812 1734 940 1810 omnia
959 1757 1054 1834 quae
1076 1732 1204 1810 fideles
1229 1733 1484 1809 determinato

132 1849 210 1927 fine
229 1850 453 1927 obtulerint.
478 1849 585 1940 Quod
604 1857 797 1928 assertum
816 1853 949 1955 probat
969 1851 1199 1928 auctoritate
1228 1851 1482 1952 Wan·llspen

131 1973 292 2048 aientis:
315 1970 438 2046 «Pari
467 1994 653 2048 consensu
680 1972 890 2049 conficiunt
917 1972 1139 2049 canonistae
1158 1971 1366 2075 parochum
1396 1977 1485 2048 tan-

133 2119 246 2196 quam
266 2093 489 2197 primarium
509 2091 687 2168 ecclesiae
706 2093 935 2196 parochialis
963 2093 1184 2173 ministrum
1203 2092 1247 2168 de
1275 2093 1358 2168 iure
1386 2117 1487 2168 com-

133 2214 241 2290 muni
270 2211 430 2289 fundare
458 2237 566 2289 suam
593 2213 852 2290 intentionem
870 2214 912 2293 in
932 2214 1171 2317 perceptione
1196 2212 1368 2289 omniurn
1386 2211 1488 2291 obla-

135 2333 299 2426 tionum,
330 2357 434 2433 quae.
453 2333 662 2410 obveniunt
690 2333 798 2410 intra
826 2334 971 2410 limites
999 2358 1091 2411 suae
1109 2332 1323 2435 parochiae,
1345 2357 1481 2433 easque

134 2455 170 2530 ei
197 2454 337 2530 deberi.
359 2455 483 2530 ›qu
506 2456 593 2530 eccl.
622 2453 737 2530 Unio.
753 2469 865 2557 part.
891 2454 934 2539 2,
960 2467 1049 2531 sect.
1076 2454 1103 2529 I
1108 2453 1151 2538 V,
1175 2461 1232 2529 a‘t.
1248 2452 1298 2542 2,
1319 2479 1404 2556 cap.
1424 2453 1477 2539 Χ,

95 2645 99 2654 .
140 2601 257 2650 rrum.
276 2572 398 2649 XIII.
421 2575 475 2650 Et
493 2599 579 2650 cum
593 2575 793 2652 canonista
809 2574 1070 2678 Wan-Espen
1085 2574 1369 2678 quamplurimi,
1394 2598 1486 2676 quos

133 2699 264 2770 orator
283 2695 400 2788 citat,
423 2696 593 2797 apprime
611 2695 860 2789 concordant3
883 2697 941 2777 ita
958 2721 1021 2772 ex.
1044 2721 1104 2798 gr.
1124 2697 1329 2796 Fagnanus
1349 2694 1480 2772 habet:

142 2844 160 2886 r
179 2813 437 2916 parochialem
464 2814 663 2892 ecclesiam
682 2815 819 2894 habere
842 2809 1099 2893 intentionem
1118 2814 1318 2892 fundatam
1337 2813 1382 2892 de
1401 2815 1483 2890 iure

134 2935 329 3011 communi
367 2959 480 3037 super
507 2935 680 3011 omnibus
707 2936 891 3013 reditibus
922 2935 1185 3039 spiritualibus
1213 2935 1318 3011 intra
1345 2934 1488 3011 limites

136 3053 337 3157 parochiae
357 3078 461 3130 suae.
482 3084 500 3127 a
520 3053 569 3128 ln
588 3081 674 3157 cup.
697 3054 919 3132 Pastorolr's
939 3083 1025 3158 cop.
1049 3054 1118 3130 IX
1129 3056 1174 3130 dc
1189 3055 1249 3130 lu's
1268 3081 1368 3156 quoe
1385 3057 1490 3156 fluat

136 3203 161 3251 α
192 3174 488 3250 Procl.n.13.

229 3296 358 3397 Neque
387 3294 603 3371 huiusmodi
631 3295 706 3388 ius,
737 3296 933 3373 contendit
963 3297 1150 3399 parochus
1177 3295 1309 3389 Zinni,
1341 3294 1487 3372 destrui

138 3439 247 3518 posse
274 3441 341 3518 per
368 3416 598 3518 peculiarem
626 3413 805 3517 Episcopi
834 3417 1051 3510 licentiam,
1070 3416 1117 3492 ad
1137 3442 1250 3517 quam
1276 3415 1489 3492 confrater-

139 3535 244 3610 nitas
270 3534 475 3638 conlugere
493 3534 636 3613 studet.
671 3533 831 3612 Obstare
859 3539 976 3631 enim,
1004 3538 1073 3632 ait,
1096 3537 1239 3639 Synodi
1268 3537 1490 3614 diocesanae

138 3655 490 3758 praescriptionem,
513 3655 616 3733 hisce
643 3657 769 3733 verbis
788 3681 1023 3760 expressam:
1046 3658 1159 3734 ‹Nos
1184 3658 1376 3734 canonicis
1398 3683 1491 3734 san-

139 3776 328 3852 ctionibus
356 3776 602 3876 obsequentes
621 3777 795 3878 parochis
819 3779 993 3855 omnibus
1013 3779 1257 3872 mandamus,
1282 3803 1330 3855 ne
1349 3778 1389 3855 in
1410 3779 1489 3855 suis

142 3896 347 4000 paroeciis,
378 3897 461 3972 sine
490 3901 623 3973 nostra
650 3898 713 3975 vel
735 3899 881 3976 Vicarii
910 3901 1034 3976 nostri
1063 3900 1246 4002 generali,
1268 3899 1310 3975 in
1339 3899 1492 4000 scriptis

143 4018 317 4111 licentia,
347 4018 421 4094 ulli
447 4019 704 4122 cuiuscunque
724 4021 952 4098 conditionis
971 4023 1099 4117 liceat,
1118 4023 1200 4098 sive
1220 4022 1386 4117 mulieri,
1405 4023 1487 4098 sive

145 4139 258 4234 laice,
292 4139 373 4214 sive
402 4138 640 4216 confratrum
668 4165 776 4217 sacco
807 4142 965 4236 indute,
997 4167 1084 4218 cum
1111 4144 1277 4245 capsulis
1312 4143 1375 4219 vel
1409 4142 1495 4218 aliis

143 4261 180 4336 id
208 4285 347 4362 genus,
379 4260 461 4336 sive
489 4285 556 4364 per
583 4261 802 4356 civitatem,
825 4263 907 4339 sive
928 4288 993 4366 per
1013 4287 1125 4365 agros
1144 4263 1383 4366 elemosynas
1403 4287 1496 4364 quo-

146 4405 305 4482 cumque
333 4381 395 4483 pio
423 4382 576 4457 nomine
603 4381 800 4484 colligere,
833 4383 900 4458 'sub
935 4407 1055 4485 poena
1088 4382 1496 4459 excommunicationis

146 4502 248 4578 latae
276 4502 495 4578 sententiae
523 4503 565 4578 in
583 4503 917 4580 contrafacientes,
939 4533 957 4576 »
982 4505 1058 4579 Tic.
1082 4504 1120 4593 4,
1151 4531 1237 4606 cup.
1252 4505 1289 4582 el.
1316 4504 1361 4577 de
1373 4528 1500 4606 poro·

149 4623 238 4709 obis,
262 4650 305 4699 n.
331 4621 401 4697 17.
