3672 5216
375 261 431 324 128

371 427 691 488 &amalitanorum
712 431 930 490 Baatllloatlcnls
952 446 1001 490 seu
1022 434 1222 491 declarationis
1247 435 1375 503 martyr-ll
1401 449 1461 493 ven.
1485 433 1626 494 Incolunt
1647 433 1710 492 cut

572 521 728 582 summata
748 534 762 577 a
781 521 997 591 &annullans
1016 521 1158 580 llleslmle
1176 536 1201 580 ι.
1216 523 1351 580 vincento
1374 537 1391 580 a
1411 524 1505 581 Paula.
1595 572 1597 583 .

457 733 529 803 Per
552 736 750 802 Decretum
783 733 853 803 diei
883 737 925 804 18
949 734 1139 804 Februarii
1169 735 1374 822 superioris
1404 735 1494 804 anni
1519 736 1707 806 indultum

367 837 434 910 fuit
456 840 504 910 ab
527 839 740 926 Apostolica
766 841 927 926 Sedent
943 843 1106 912 Dubium
1124 848 1203 914 tum
1220 861 1335 929 super
1353 843 1537 914 validitate
1561 863 1710 931 proces

370 967 438 1017 sus
460 948 685 1018 Auctoritate
709 948 934 1036 apostolica,
959 950 995 1017 in
1021 951 1122 1020 Urbe
1157 949 1332 1037 conlecti,
1356 956 1437 1020 tum
1461 971 1577 1040 super
1599 950 1708 1020 Cultu

369 1053 536 1143 praelato
559 1074 642 1125 ven.
667 1055 784 1126 Servo
809 1057 873 1125 Dei
898 1057 1095 1126 Francisco
1112 1056 1189 1126 Clet
1204 1076 1277 1125 non
1296 1057 1470 1144 exhibito,
1489 1057 1647 1144 proponi
1662 1075 1709 1126 ac

370 1163 508 1248 discuti,
526 1163 666 1232 valeret
688 1163 833 1250 absque
855 1165 1066 1234 interventu
1090 1169 1125 1238 et
1147 1171 1233 1234 voto
1258 1165 1523 1234 Consultorum
1548 1165 1584 1232 in
1600 1163 1706 1251 parti-

370 1271 485 1340 culari
502 1271 640 1341 Sacrae
656 1272 809 1340 Rituum
826 1273 1130 1360 Congregationis
1146 1274 1270 1343 coetu.
1293 1273 1386 1342 Hinc
1402 1291 1532 1360 quum,
1549 1271 1709 1341 instante

369 1381 412 1448 R.
429 1381 471 1447 D.
486 1379 615 1450 Natale
638 1378 810 1468 Barbagli
835 1379 1035 1449 Sacerdote
1060 1385 1096 1450 et
1119 1380 1351 1450 Postulatore
1376 1379 1547 1448 Generali
1572 1379 1709 1448 Causa·

368 1505 455 1556 rum
479 1485 761 1558 Beatillcationis
785 1491 820 1555 et
842 1487 1139 1556 Canouizationis
1169 1505 1369 1556 servorum
1400 1487 1466 1554 Dei
1498 1505 1518 1556 e
1550 1485 1710 1574 Congre

370 1597 517 1684 gatione
547 1585 744 1682 lll'issionis
773 1595 891 1664 sancti
915 1587 1097 1664 Vincentii
1125 1616 1147 1664 a
1179 1595 1312 1680 Paula,
1337 1614 1358 1662 a
1390 1613 1452 1662 me
1476 1591 1709 1680 infrascripto

371 1702 553 1772 Cardinali
589 1702 727 1774 Sacrae
762 1702 915 1770 Rittium
951 1701 1235 1789 Congregationi
1259 1699 1469 1784 Praefecto,
1495 1705 1530 1770 et
1564 1701 1711 1770 Causae

373 1810 559 1896 Relatore,
586 1807 661 1876 duo
684 1805 848 1895 praelata
880 1807 999 1877 Dubia
1023 1806 1212 1895 proposita
1237 1805 1385 1893 luerint,
1410 1807 1492 1876 Emi
1516 1811 1551 1876 el
1574 1808 1709 1875 Revmi

370 1916 508 2000 Patrae,
523 1914 647 1984 Sacris
671 1913 817 1982 tuendis
842 1913 986 1982 Rilibus
1009 1913 1219 2000 praepositi,
1245 1913 1422 1982 omnibus
1448 1917 1595 1982 maturo
1620 1932 1710 1983 exa·

372 2013 470 2090 mine
492 2021 705 2108 perpensiS,
731 2025 767 2090 et
789 2021 913 2089 audito
942 2039 1035 2089 voce
1060 2027 1095 2090 et
1117 2021 1254 2108 scripto
1290 2023 1332 2089 R.
1361 2021 1399 2088 Ρ.
1428 2022 1468 2088 Ι).
1496 2020 1708 2109 Augustino

369 2129 531 2214 Caprara
557 2127 593 2196 S.
611 2127 711 2197 Fidei
734 2129 953 2197 Promotore
970 2127 1255 2197 rescribendum
1271 2132 1517 2197 censuerunt:
1544 2128 1708 2208 «Quoad

373 2255 391 2296 «
415 2233 639 2304 validitatem
663 2234 891 2303 Processus:
917 2233 1132 2304 Reformato
1157 2234 1299 2322 Dubiol
1320 2238 1379 2302 An
1404 2239 1547 2303 constet
1575 2233 1622 2304 de
1646 2255 1709 2304 va-

341 2351 347 2363 '
372 2365 390 2406 a
415 2342 550 2412 liditate
574 2343 780 2411 Processus
804 2342 1015 2430 Apostolici,
1030 2331 1066 2410 in
1085 2342 1186 2412 Urbe
1201 2341 1402 2410 constructi
1419 2347 1455 2410 el
1470 2340 1708 2412 adnexorum

373 2470 391 2512 u
415 2448 755 2536 processiculorum
780 2449 816 2517 in
840 2449 1104 2518 christianitate
1127 2448 1390 2522 Sinchim-veu
1414 2453 1450 2517 et
1465 2449 1501 2516 in
1518 2449 1708 2519 Vicariatu

371 2555 615 2642 «apostolico
639 2555 867 2624 Ho-nunensi
895 2553 1179 2625 confectoruml
1210 2553 1444 2624 Affirmative
1475 2555 1602 2644 quoad
1627 2573 1711 2642 pro-

236 2651 242 2666 '
372 2682 566 2733 «cessum
592 2681 815 2748 romanum;
840 2665 965 2751 quoad
1001 2683 1091 2733 vero
1123 2663 1402 2733 Processiculos
1432 2665 1468 2732 in
1504 2664 1601 2734 Sinis
1624 2683 1710 2733 con-

372 2791 390 2832 «
414 2775 583 2856 structos,
608 2770 898 2856 supplicandum
922 2771 1161 2840 Sanctissimo
1186 2790 1254 2858 pro
1275 2771 1543 2857 convaliditate,
1565 2772 1708 2840 sanatis

373 2901 391 2942 «
415 2876 629 2948 defectibus.
661 2877 792 2958 Quoad
816 2879 1063 2947 obedientiam
1089 2879 1303 2964 praestitam
1327 2878 1491 2947 Decretis
1514 2895 1568 2946 sa.
1593 2895 1707 2946 mem.

374 2986 558 3057 «Urbani
582 2987 706 3072 Papae
730 2985 812 3054 VIII
847 3005 964 3074 super
994 2986 1095 3055 cultu
1125 2987 1246 3055 eidem
1270 2988 1362 3054 Ven.
1388 2987 1505 3055 Servo
1538 2986 1602 3053 Dei
1633 3004 1709 3052 non

374 3115 392 3157 «
416 3093 591 3178 exhibite,
615 3092 802 3163 Constare.
828 3095 893 3163 Die
916 3097 960 3162 22
985 3093 1222 3164 luliilssa»
1511 3105 1514 3110 ·

461 3201 514 3267 De
538 3198 675 3286 quihus
702 3197 796 3268 facta
826 3200 1069 3287 postmodum
1106 3199 1348 3269 Sanctissimo
1383 3199 1542 3267 Domino
1573 3201 1709 3268 Nostro
1824 3269 1825 3280 ,

372 3306 488 3374 Leoni
510 3306 635 3391 Papae
659 3305 744 3373 XIII
773 3325 840 3393 per
864 3307 1053 3393 meipsum
1083 3307 1337 3393 subscriptum
1362 3305 1595 3377 Cardinalem
1621 3305 1712 3374 rela-

370 3413 480 3499 tione,
504 3412 686 3482 Sanctitas
710 3411 786 3482 Sua
811 3412 1058 3496 resolutiones
1084 3417 1123 3480 ut
1145 3431 1270 3498 supra¹
1286 3417 1386 3480 ratas
1410 3411 1539 3480 habuit
1562 3416 1597 3480 et
1622 3429 1710 3480 con-

273 3605 276 3612 *
370 3519 551 3588 firmarat:
568 3519 809 3588 convalidatis
830 3517 1093 3606 processiculis
1110 3537 1319 3606 eorumque
1337 3519 1478 3588 sanatis
1493 3515 1707 3587 defectibus.

373 3625 438 3696 Die
461 3627 505 3693 23
528 3625 660 3694 iisdem
685 3644 817 3696 mense
841 3631 877 3694 et
898 3643 1009 3694 anno.

700 3739 706 3785 t

492 3830 517 3914 t
542 3830 628 3900 car.
654 3829 764 3900 cina.
788 3831 1186 3900 morsi-nasama
1210 3832 1307 3912 sa.
1325 3811 1366 3901 c.
1385 3831 1619 3922 Praefectus.

373 3987 412 4056 L.
434 3994 470 4064 »a
490 3987 525 4056 s.

716 4133 719 4140 ·
862 4095 934 4164 Pro
960 4096 1002 4163 R.
1021 4096 1059 4162 P.
1077 4098 1118 4164 D.
1136 4096 1340 4166 Vrucuurro
1364 4099 1472 4168 Nussr
1499 4097 1710 4168 Secretart'o
1823 4045 1824 4126 }

1015 4238 1175 4308 loturus
1198 4239 1309 4309 Pcuzr
1336 4238 1575 4310 Saeculanus.

841 4482 1242 4504 mm
