3650 5242
1396 277 1453 340 iti

288 422 363 559 [Χ
407 422 458 559 8.
505 421 1003 559 contaminent
1048 423 1276 562 iiiiiiiii

759 679 919 716 Ἴ..-

123 859 228 918 stitit.
249 860 393 916 oanan
417 859 640 918 canonizationis
660 859 733 916 tanti
754 859 885 917 ioncininni
906 859 1094 926 i’ioooionint
1114 860 1178 917 inici
1200 860 1320 928 protensi
1340 860 1453 918 titinio

181 962 326 1006 unorum
348 950 378 1006 a.
390 949 422 1006 ii.
433 949 463 1006 ii.

622 1155 776 1221 SUPER
798 1155 944 1222 DUBIO

121 1323 171 1390 An
205 1319 256 1390 sit
289 1319 475 1408 sipiinndn
507 1318 720 1389 Contionissio
756 1318 1045 1390 [introductionis
1079 1322 1222 1390 Causae
1251 1321 1453 1392 Cotronian-

201 1427 310 1497 tionis
338 1426 527 1516 praedicti
549 1426 663 1496 Beati
690 1425 871 1495 docchinn'
892 1425 1131 1498 Piccoionn'ni
1159 1427 1197 1497 in
1220 1448 1311 1497 casn
1339 1434 1376 1497 et
1397 1429 1450 1499 ad

199 1533 379 1625 effectum
404 1533 451 1604 dc
475 1553 549 1623 qino
572 1533 748 1623 agitent,
792 1599 797 1610 ,

200 1749 364 1817 instante
395 1747 488 1816 Rev.
519 1747 627 1816 Patre
657 1745 867 1833 Augustino
897 1747 1030 1814 Morini
1055 1746 1255 1816 Sacerdote
1279 1745 1453 1818 professo

118 1853 260 1923 Ordinis
283 1854 491 1924 Servorum
508 1855 546 1921 Β.
559 1855 608 1921 Μ.
622 1853 666 1920 V.
683 1872 728 1922 ac
744 1853 976 1923 Postulatore
991 1853 1135 1924 Causae
1158 1853 1454 1924 Canonizationis

118 1961 266 2048 praefati
289 1963 390 2030 Beati
406 1961 588 2030 Joachimi
608 1949 855 2047 Piccolomini,
873 1978 993 2047 quum
1017 1963 1135 2030 Emus
1159 1967 1195 2030 et
1210 1963 1332 2030 Rmus
1348 1963 1453 2031 Drios
1517 1977 1520 1982 ·

117 2069 216 2138 Card.
238 2069 404 2138 Lucidus
420 2069 537 2138 Maria
554 2069 743 2154 Parocchi,
768 2068 978 2156 Episcopus
995 2068 1176 2138 Albanen.
1197 2068 1348 2138 Relator
1364 2069 1454 2138 Cau-

117 2193 177 2246 sae
199 2175 373 2246 eiusdem
398 2176 509 2262 Beati,
534 2177 643 2244 cuius
666 2174 789 2245 cultus
813 2175 1095 2244 immemorialis
1118 2195 1140 2244 a
1163 2174 1220 2243 fei.
1238 2193 1311 2244 rec.
1336 2175 1453 2245 Paulo

117 2281 175 2370 Pp.
199 2284 247 2350 V.
263 2301 332 2370 per
354 2283 553 2352 Decretum
588 2282 659 2351 diei
690 2284 733 2349 14
763 2281 900 2368 Aprilis
932 2283 1018 2350 1609
1048 2279 1391 2368 confirmatusiuit,
1416 2283 1475 2368 in·

117 2387 317 2458 ordinariis
345 2387 549 2457 Sacrorum
582 2389 734 2457 Rituum
766 2388 1070 2476 congregationis
1101 2389 1263 2459 Comitiis
1287 2390 1335 2459 ad
1359 2391 1455 2461 Vati·

116 2515 253 2564 <nuum
283 2496 462 2566 hodierna
495 2495 554 2564 die
587 2495 741 2582 habitis,
773 2496 1011 2583 proposuerit
1041 2496 1229 2566 dubium:.
1251 2498 1311 2564 An
1341 2495 1390 2566 sit
1412 2495 1454 2566 si·

114 2601 266 2690 qnando
297 2602 511 2672 Commissio
536 2601 825 2672 introductionis
853 2604 996 2672 Censoe
1024 2601 1327 2706 Cenonn'nctionis
1346 2593 1461 2692 prae?
1575 2659 1580 2670 .

110 2708 185 2796 suti
208 2709 322 2778 Beati
336 2709 517 2779 Joachz'mi
539 2708 779 2779 Piccoi0mini
800 2709 837 2780 in
860 2729 965 2795 cose,
993 2716 1030 2778 et
1052 2707 1105 2779 ed
1125 2709 1301 2800 effectum
1318 2710 1363 2780 dc
1379 2729 1452 2800 qno

116 2815 261 2902 opiter?
288 2818 372 2885 Emi
395 2821 432 2886 et
455 2818 539 2886 Rmi
577 2818 706 2887 Patres
737 2818 861 2888 Sacris
892 2818 1040 2888 tuendis
1070 2817 1215 2887 Ritibus
1243 2818 1453 2906 praepositi,

116 2939 154 2990 rc
182 2929 360 2992 accurato
391 2923 567 3004 exiimine
596 2941 801 3010 perpensa,
826 2928 863 2992 et
890 2923 1015 2994 audito
1048 2925 1091 2992 R.
1114 2925 1152 2992 P.
1175 2927 1216 2992 D.
1244 2925 1453 3014 Augustino

116 3027 276 3116 Capram
305 3029 342 3098 S.
363 3029 463 3100 Fidei
493 3031 729 3116 promotore,
755 3031 1039 3101 rescribendum
1069 3035 1315 3100 censuerunt:
1339 3031 1455 3120 Affir-

116 3133 270 3220 manee,
307 3154 374 3204 seit
408 3135 634 3224 snpnmodnm
669 3155 748 3206 csse
789 3136 1109 3222 Commissionem,
1145 3136 1177 3206 si
1213 3135 1453 3206 sanctissimo

117 3241 311 3328 plecterit.
335 3243 402 3312 Die
425 3247 468 3312 27
494 3243 586 3312 Iunii
613 3246 711 3314 1893.
1313 3293 1320 3310 .

202 3350 347 3432 Quibus
381 3351 558 3420 omnibus
589 3371 656 3439 per
678 3369 741 3419 me
772 3350 1049 3438 infrascriptum
1086 3351 1334 3422 Sccretarium
1366 3349 1456 3420 San·

116 3453 278 3523 ctissime
301 3455 462 3524 Domino
477 3457 614 3526 Nostro
634 3457 749 3526 Leoni
771 3458 896 3544 Papae
913 3457 998 3525 Xlli
1022 3457 1156 3544 relatis,
1171 3457 1360 3526 Sanctitas
1376 3457 1455 3528 Sua

117 3562 333 3632 suentem
358 3553 497 3633 Sacrae
512 3563 631 3650 ipsius
654 3563 960 3650 congregationis
984 3569 1105 3634 ratam
1129 3564 1285 3650 habens
1303 3563 1455 3651 propria

118 3685 233 3736 manu
254 3668 404 3757 signare
420 3670 570 3758 dignata
594 3675 652 3740 est
666 3661 979 3740 commissionem
1003 3671 1289 3740 Introductionis
1309 3671 1454 3740 Causae
1567 3663 1569 3669 ’

118 3770 409 3846 Canonirationis
426 3777 606 3864 praedicti
628 3778 728 3848 Beati
751 3778 933 3848 ioachimi
956 3779 1205 3847 Piccolomini.
1229 3778 1296 3848 Die
1312 3780 1354 3847 12
1371 3777 1455 3847 Juiii

118 3898 216 3950 anno
240 3881 384 3953 eodem.

121 4183 157 4250 L
250 4185 275 4256 S
323 4088 359 4158 >F
387 4080 473 4149 CAI.
498 4079 609 4150 Cano.
633 4081 1026 4152 ALOiSl-MASELLA
1050 4082 1086 4151 S.
1105 4084 1147 4152 R.
1165 4081 1202 4152 C.
1227 4082 1364 4151 Panas.

186 4192 224 4262 »Β
278 4238 285 4252 .

821 4295 1047 4364 Vmcunrnus
1072 4295 1182 4363 Nussn
1209 4290 1454 4363 secretarius.

600 4513 975 4534 mmm
