3674 5262
349 288 389 352 48
885 309 926 352 ex
948 307 975 352 s.
992 309 1021 354 c.
1040 309 1161 353 mruuu

347 404 457 477 cretis
482 404 708 474 Urbauianis
734 404 916 476 infirmari
940 406 1042 476 nullo
1066 412 1174 494 pacto
1197 427 1322 496 posse,
1347 409 1491 478 initium
1508 411 1607 478 enim
1632 411 1698 481 ba-

347 511 428 580 buit
450 502 550 580 anno
576 515 674 597 1120,
708 531 753 581 ac
787 533 855 601 per
890 533 1130 604 consequens
1164 515 1243 586 fere
1278 537 1300 586 a
1340 521 1502 604 quatuor
1532 519 1698 589 saeculis

348 620 622 706 praestabatur,
647 624 852 708 antequam
877 623 1011 691 eadem
1037 625 1194 692 Decreta
1218 623 1255 692 in
1281 623 1405 692 lucem
1430 624 1527 694 edita
1551 627 1634 695 sint.

422 727 526 806 Quae
551 729 677 797 omnia
703 729 930 815 coinplexus
958 730 1269 819 vigilantissimus
1291 731 1503 820 Episcopus
1538 732 1695 819 Squilla-

349 833 483 918 censis,
509 853 585 903 non
618 835 800 905 dubitavit
830 839 1051 907 sententiam
1092 837 1216 907 dicere
1255 837 1530 925 affirmativam,
1555 859 1696 928 nempe

350 946 523 1010 constare
547 942 594 1010 de
618 941 720 1011 cultu
744 944 892 1030 publico
917 949 952 1014 et
968 945 1219 1014 ecclesiastico
1236 945 1583 1016 abimmemorabili
1605 951 1696 1016 tem-

350 1069 443 1137 pore
466 1053 643 1138 praestito
667 1052 761 1121 Ven.
786 1053 957 1122 Lanuino
982 1054 1133 1122 Ordinis
1157 1053 1503 1123 Carthusianorum.
1527 1055 1583 1122 En
1612 1055 1695 1124 eius

350 1159 484 1228 verba:
511 1159 646 1228 «Visis
669 1160 834 1229 Decretis
858 1161 998 1230 Urbani
1023 1161 1144 1230 octavi
1167 1179 1261 1228 mox
1285 1160 1486 1230 recensitis.
1510 1162 1610 1232 Visis
1633 1163 1693 1232 de·

349 1267 597 1352 positionibus
621 1268 771 1335 testium
797 1267 958 1356 legitime
990 1269 1231 1336 inductorum
1256 1273 1291 1336 et
1320 1269 1633 1357 examinatorum,
1659 1276 1699 1340 et

353 1373 547 1461 signanter
571 1393 620 1442 ex
651 1373 774 1442 officio
804 1375 1087 1444 advocatorum.
1121 1375 1221 1442 Visis
1251 1373 1406 1460 iuribus,
1438 1374 1631 1461 scripturis
1660 1381 1699 1444 et

349 1482 586 1551 documentis
609 1483 786 1551 omnibus
815 1483 1015 1570 productis,
1041 1485 1077 1551 et
1111 1481 1271 1568 legitime
1307 1481 1560 1568 compulsatis.
1593 1482 1694 1551 Visis

348 1589 527 1658 omnibus
544 1590 751 1658 Processus
768 1591 869 1678 actis,
889 1591 1055 1677 visisque
1071 1590 1252 1674 videndis
1270 1593 1306 1657 et
1320 1588 1563 1658 consideratis
1579 1590 1698 1658 omni-

348 1696 422 1765 bus
445 1698 738 1766 considerandis.

419 1803 587 1873 «Christi
619 1807 771 1875 nomine
802 1807 966 1892 repetita,
996 1806 1166 1890 dicimus,
1198 1805 1497 1892 pronuntiamus
1533 1803 1698 1873 declara·

350 1928 438 1978 mus
462 1915 501 1980 et
520 1911 708 1981 definitive
721 1915 992 1984 sententiamus
1005 1917 1180 1982 constare
1192 1913 1239 1980 de
1252 1911 1352 1980 cultu
1366 1911 1515 1998 publico
1533 1917 1568 1979 et
1583 1911 1698 1980 eccle-

350 2017 500 2087 siastico
524 2019 573 2088 ab
595 2019 884 2089 immemorabili
908 2025 1078 2106 tempore
1102 2018 1290 2106 praestito,
1315 2016 1413 2086 idest
1434 2022 1521 2086 ante
1550 2034 1694 2086 annum

351 2125 606 2213 millesimum,
639 2128 982 2216 quingentesimum
1016 2126 1251 2214 trigesimum
1285 2129 1463 2212 quartum
1498 2142 1695 2210 nunquam

350 2231 568 2320 interrupta,
594 2235 700 2304 etad
725 2236 826 2303 hunc
850 2234 949 2304 diem
973 2231 1124 2304 feliciter
1147 2233 1372 2318 continuata,
1398 2231 1516 2300 Servo
1540 2231 1607 2300 Dei
1630 2232 1697 2300 La-

351 2340 478 2427 nuin0,
505 2347 540 2410 et
562 2347 760 2431 propterea
785 2343 947 2412 Causam
973 2342 1071 2411 banc
1096 2340 1239 2410 versari
1262 2339 1356 2408 inter
1380 2357 1493 2407 casus
1517 2341 1698 2425 exceptos

351 2465 374 2514 a
395 2449 618 2518 memoratis
643 2451 783 2519 Urbani
807 2451 934 2536 Papae
958 2450 1079 2519 octavi
1102 2448 1278 2517 Decretis.
1302 2449 1347 2516 Et
1369 2446 1418 2514 ita
1442 2445 1603 2514 dicimus
1615 2463 1699 2532 pro-

353 2556 583 2641 nuntiamus
609 2560 645 2626 et
667 2555 855 2626 definitivo
879 2557 1152 2626 sententiamus
1169 2576 1200 2621 >›.
1637 2630 1638 2640 ἵ

279 2749 281 2757 y
419 2665 559 2735 Cuncta
584 2667 693 2754 igitur
717 2667 753 2733 in
778 2667 878 2735 idem
904 2670 1048 2751 coeunt,
1074 2664 1212 2732 scilicet
1235 2662 1372 2747 omnia,
1398 2681 1496 2747 quae
1511 2652 1699 2747 supratre·

306 2849 309 2856 A
352 2772 517 2860 tulimus,
544 2773 883 2842 immemorabilem
908 2772 1049 2841 cultum
1074 2773 1168 2841 Ven.
1199 2768 1368 2838 Lanuino
1397 2769 1616 2854 praestitum
1641 2785 1697 2835 as-

352 2882 494 2964 serunt,
518 2879 688 2967 probant,
713 2879 948 2966 confirmant,
974 2879 1241 2966 extolluntque.

419 2985 632 3072 Dignamini
661 2987 771 3056 etiam
804 3005 883 3074 vos,
916 2988 997 3055 Emi
1034 2989 1175 3072 Patres,
1208 2983 1388 3070 sapientia
1424 2999 1587 3066 summa,
1619 2999 1695 3067 qua

353 3093 507 3179 praediti
531 3094 630 3180 estis,
654 3094 901 3182 fulgidissima
919 3099 1152 3183 argumenta,
1171 3112 1268 3181 quae
1285 3090 1487 3174 attulimus,
1504 3087 1698 3174 diligenter

354 3201 579 3287 expendere,
605 3221 649 3270 ac
673 3203 771 3271 serio
796 3203 1024 3271 examinare.
1049 3203 1138 3287 Vos,
1164 3199 1227 3287 qui
1251 3195 1494 3266 interflorem
1511 3193 1695 3264 etflorem

351 3306 447 3376 inter
472 3307 614 3394 lepram
639 3314 675 3377 et
698 3310 842 3397 lepram
866 3309 970 3380 facile
994 3309 1210 3394 discernitis
1235 3307 1366 3377 allatas
1381 3305 1620 3393 probationes
1637 3327 1697 3375 ne-

353 3413 445 3482 dum
470 3415 709 3503 sufficientes,
734 3419 801 3486 sed
826 3416 1180 3504 superabundantes
1204 3434 1293 3484 cum
1324 3413 1462 3502 gaudio
1497 3418 1622 3482 vestro
1647 3414 1697 3481 di-

353 3523 453 3590 cetis.
523 3547 524 3552 ¹

421 3627 576 3697 Confido
599 3631 721 3718 igitur,
746 3633 835 3717 Vna,
860 3631 942 3698 Emi
972 3631 1111 3715 Patres,
1141 3629 1376 3717 propositum
1409 3627 1565 3697 dubium
1601 3626 1697 3696 affir-

354 3738 493 3806 mative
517 3739 751 3826 dimissuros,
777 3759 821 3808 ac
851 3739 1075 3807 sententiam
1107 3737 1192 3805 ant
1224 3736 1407 3806 Ordinarii
1431 3735 1697 3822 Squillacensis

354 3862 440 3912 esse
463 3843 765 3941 confirmandam
790 3846 936 3933 absque
960 3845 1073 3914 animi
1099 3844 1294 3930 anxietate,
1316 3842 1493 3912 iudicium
1518 3839 1651 3911 feretis.

420 3953 473 4020 De
496 3951 569 4021 hoc
593 3971 824 4041 magnopere
848 3950 1071 4020 exultabunt
1094 3951 1281 4020 Dioecesis
1306 3948 1582 4037 Squillacensis,
1607 3953 1643 4017 et
1658 3947 1701 4015 ll-

354 4059 472 4126 nitimi
495 4060 634 4146 populi.
658 4059 847 4129 Exultabit
870 4064 906 4127 et
929 4059 1132 4127 universus
1156 4057 1491 4127 Cartbusianorum
1509 4055 1619 4142 Orda,
1633 4054 1700 4141 qui

353 4185 422 4255 per
445 4171 676 4256 asperrimas
700 4170 790 4254 vias,
816 4173 997 4256 motuque
1021 4166 1252 4256 Angelorum
1278 4166 1426 4236 coelum
1450 4165 1549 4253 petit.

422 4276 635 4344 Laetabitur
659 4281 695 4344 et
718 4276 837 4344 illator
861 4276 1025 4344 Ecclesia
1055 4281 1244 4345 tantorum
1280 4273 1444 4342 liliorum
1483 4271 1698 4342 felicissima

353 4381 530 4468 Genitrix,
556 4401 729 4469 quaeque
753 4401 822 4452 ceu
848 4382 1009 4451 militans
1032 4401 1147 4470 super
1171 4384 1269 4452 hanc
1292 4383 1471 4451 miseram
1494 4385 1645 4466 terram,
1663 4385 1700 4449 et

354 4489 643 4576 quamplurimis
667 4490 778 4559 hodie
802 4490 935 4558 obruta
960 4491 1143 4578 procellis,
1173 4491 1222 4560 ab
1251 4490 1354 4558 hisce
1382 4488 1468 4557 tiliis
1491 4489 1538 4557 ad
1575 4486 1701 4556 Conlo-

355 4613 442 4663 rum
468 4596 686 4665 mansiones
708 4598 896 4683 provectis
920 4617 1031 4684 opem
1057 4598 1185 4686 poscit,
1210 4602 1251 4666 ut
1275 4597 1426 4685 nymbis
1447 4595 1699 4682 procellisque
