3674 5262
309 405 321 438 u
690 389 874 436 scsrusreu.
1417 377 1455 438 15

125 493 198 570 vide
225 495 456 589 excitanteS,
487 499 526 571 et
545 495 635 572 licet
662 494 776 571 virile
804 519 946 590 semen,
977 495 1115 572 mulier
1134 495 1277 572 sentiat
1304 519 1456 572 necesse

122 623 188 710 est,
217 621 346 718 tamqn
375 615 407 692 si
437 615 618 692 minimae
646 619 685 692 et
712 615 874 718 exiguae
902 617 983 692 sint
1002 616 1246 717 quantitatis
1278 615 1456 719 voluptas

123 745 155 814 et
181 763 313 815 sensus
340 737 641 814 concomitantes
669 737 923 838 receptionem
942 737 1076 841 ipsiuS,
1101 740 1329 838 superantur
1356 737 1459 816 avi-

124 857 321 936 uidioribus
348 859 548 962 voluptate
576 862 616 934 et
644 882 782 952 sensu,
814 857 871 934 ita
901 865 942 934 ut
970 858 1154 935 excitatio
1181 857 1348 933 eiusdem
1377 882 1459 934 ma-

123 983 202 1054 neat
238 979 517 1080 quadamtenus
554 981 767 1078 obscurata.
799 977 912 1056 Unde
948 1001 1035 1054 cum
1072 978 1166 1054 dicit
1204 1001 1301 1054 uxor
1328 976 1457 1055 Oaroli

122 1097 225 1175 virile
253 1123 384 1176 semen
412 1105 524 1176 extra
551 1125 620 1176 vas
640 1099 758 1176 fuisse
785 1097 963 1193 effusum,
994 1123 1069 1174 non
1089 1098 1133 1174 de
1161 1099 1243 1174 eius
1262 1096 1457 1174 totalitate

122 1219 284 1322 intelligi
312 1221 463 1324 potest,
503 1220 612 1322 quasi
640 1220 749 1296 nulla
776 1245 863 1321 pars
895 1244 944 1294 ne
973 1219 1132 1294 minima
1160 1218 1309 1320 quidem
1339 1217 1457 1294 fuerit

120 1341 308 1442 evagina
336 1345 505 1418 attracta
531 1346 572 1419 et
599 1343 643 1417 ab
672 1363 718 1418 ea
746 1344 911 1442 recepta.

193 1459 310 1536 Forte
339 1460 477 1563 aliquis
504 1463 619 1556 dicet,
651 1462 765 1537 verba
792 1465 884 1536 sunt
908 1461 1014 1555 haec,
1046 1467 1312 1563 praetereaque
1341 1459 1454 1536 nihil.

121 1579 270 1657 Etenim
299 1583 483 1684 quomodo
511 1581 699 1658 credibilis
728 1581 899 1658 redditur
927 1582 1083 1658 seminis
1113 1582 1276 1684 receptio
1304 1581 1459 1684 quanti-

120 1702 206 1778 tatis
233 1703 412 1805 exiguae,
444 1729 530 1780 cum
558 1703 730 1780 mulieris
749 1702 936 1780 confessio
964 1704 1052 1779 huic
1072 1703 1278 1806 receptioni
1307 1706 1459 1780 contra-

120 1821 226 1898 dicat.
259 1823 294 1898 N
301 1825 311 1898 i
342 1823 455 1900 fallor
472 1849 520 1900 ex
539 1825 636 1902 actis
656 1825 769 1900 huius
797 1849 932 1900 causae
951 1823 1080 1924 colligi
1111 1849 1218 1926 posse
1237 1827 1342 1927 puto.
1366 1823 1459 1902 Oer-

121 1954 195 2016 tum
232 1949 309 2037 est,
342 1948 388 2020 ut
421 1969 510 2022 mox
548 1945 778 2038 videbimus,
818 1945 982 2028 Mariam
1005 1945 1189 2032 Dulovics
1216 1945 1457 2046 virginitatis

121 2067 202 2138 nota
229 2089 375 2140 carere.
406 2065 459 2141 Et
487 2068 661 2167 quamvis
682 2068 764 2170 ipsa
783 2067 943 2142 amicam
973 2065 1216 2167 familiariter
1242 2064 1454 2166 alloquens,

118 2181 315 2260 iactaverit
344 2212 385 2260 se
411 2211 489 2262 esse
508 2194 711 2270 r'rrtartour,
734 2199 769 2262 et
788 2214 904 2290 possa
930 2199 1080 2262 sertum
1101 2193 1339 2288 rr'rpz'ae‘tutr's
1359 2213 1459 2290 por-

120 2315 208 2385 tare,
240 2305 278 2381 id
308 2307 516 2384 asseruisse
544 2309 738 2412 existimo,
769 2309 858 2410 quia
885 2308 1079 2414 persuasio
1108 2308 1186 2383 alte
1216 2310 1255 2384 in
1284 2309 1367 2411 ipsa
1395 2309 1459 2384 de-

121 2429 189 2502 tra
215 2431 316 2516 erat,
349 2427 524 2530 copulam
552 2442 638 2504 cum
673 2429 810 2506 Oarolo
839 2429 1006 2506 habitam
1044 2427 1305 2530 imperfectam
1339 2429 1458 2506 fuisse

119 2560 152 2620 et
179 2547 464 2649 incompletam.
498 2549 773 2628 Verumtamen
801 2551 975 2653 copulam
1002 2549 1259 2626 intervenisse
1288 2572 1364 2625 non
1393 2575 1460 2625 ne-

122 2671 202 2764 gat:
234 2668 293 2742 ait
322 2666 424 2744 enim
450 2669 609 2766 sur'uucs
637 2676 773 2744 r‘unctz'.
805 2671 858 2747 Et
887 2671 919 2745 si
947 2669 1120 2771 copulam
1154 2694 1293 2771 negare
1322 2667 1458 2745 fuisset-

119 2811 218 2880 ausa,
249 2813 300 2864 ex
330 2783 496 2891 corporis
515 2789 749 2892 inspectione
768 2791 1005 2892 apertissime
1031 2789 1249 2884 resultaret,
1282 2796 1395 2892 prout
1413 2791 1458 2866 de

122 2909 215 2985 sacto
242 2909 399 3000 evenit;
432 2935 521 2986 nam
549 2910 794 2986 obstetricum
823 2910 1126 3010 medicorumque
1146 2909 1330 3012 suffragio
1357 2913 1458 2988 eius-

119 3027 196 3104 dem
225 3029 424 3106 defloratio
444 3030 528 3107 luce
556 3030 697 3106 clarius
717 3031 996 3134 comprobatur.
1030 3029 1149 3106 Immo
1178 3031 1316 3107 nedum
1344 3032 1459 3134 periti

119 3175 377 3252 quamcunque
406 3151 593 3254 copulam,
624 3151 746 3254 ipsam
766 3151 941 3228 habuisse
967 3150 1179 3244 declarant,
1211 3152 1274 3227 sed
1295 3151 1460 3254 comple-

119 3284 191 3346 tam
221 3278 338 3374 atque
359 3271 579 3374 perfectam,
603 3273 752 3373 qualern
773 3272 920 3348 seilicet
948 3279 1089 3348 natura
1108 3271 1284 3371 requirit,
1308 3276 1352 3348 ut
1370 3295 1460 3348 con·
1500 3269 1504 3274 ’

118 3393 236 3496 ceptio
265 3399 306 3469 et
336 3393 531 3494 generatio
559 3393 677 3496 prolis
706 3393 894 3496 possibilis
923 3393 1076 3468 evadat.
1114 3392 1246 3467 Prima
1273 3392 1460 3469 obstetrix

119 3511 360 3589 iureiurando
387 3513 554 3592 affirmat
578 3513 743 3591 Mariam
771 3513 953 3589 Dulovics
982 3537 1057 3588 non
1087 3537 1168 3588 esse
1187 3511 1351 3615 amplius
1379 3513 1462 3589 uir-

119 3631 259 3732 ginem,
292 3634 385 3710 lieet
403 3659 597 3736 nunquam
625 3634 785 3737 gravida
804 3633 921 3709 fuerit
951 3635 1102 3708 attenta
1123 3631 1242 3708 rimae
1261 3633 1456 3735 augustia.

120 3751 235 3830 Ratio
263 3753 428 3831 adducta
456 3755 530 3830 huc
549 3758 623 3848 est,
654 3778 822 3855 quaeque
849 3753 1031 3830 moralem
1050 3752 1318 3828 certitudinem
1338 3752 1456 3855 parit,

120 3881 207 3972 quio
237 3877 384 3976 lrprueu
412 3899 492 3950 uou
522 3877 696 3977 arreptius
724 3883 1042 3978 irrtrper'rostut,
1080 3875 1147 3950 sed
1175 3875 1304 3948 solum
1325 3899 1458 3976 porco

120 4001 197 4069 rius
225 3996 389 4071 raufero.
422 3996 500 4071 Par
535 3995 761 4099 suffragium
789 3995 855 4072 dat
883 3995 1005 4070 altera
1038 3992 1248 4088 obstetrix,
1287 3997 1327 4068 et
1354 3991 1473 4067 addit·

121 4116 291 4216 copulam
320 4117 468 4217 quidem
498 4141 574 4194 non
604 4118 721 4193 fuisse
750 4117 1010 4217 frequentem,
1043 4119 1156 4218 prout
1184 4115 1383 4190 deducitur
1410 4139 1460 4190 ex
1559 4095 1567 4108 ⁸

121 4239 298 4338 augustia
325 4237 485 4331 canalia,
517 4242 579 4314 ast
605 4241 832 4342 completam
862 4237 1140 4341 perfectamque
1167 4235 1284 4310 fuisse
1303 4235 1456 4326 asserit,

123 4359 239 4455 qualis
268 4385 292 4436 a
321 4367 461 4436 natura
488 4361 659 4462 exigitur
686 4367 730 4438 nt
759 4359 916 4435 effectus
945 4357 1100 4459 abipsa
1137 4358 1312 4432 intentus
1340 4381 1462 4432 emer-

126 4485 199 4578 gat,
229 4482 426 4584 conceptio
453 4483 600 4558 scilicet
627 4487 667 4558 et
696 4481 904 4583 generatio.
939 4478 1011 4556 Oui
1032 4479 1064 4553 si
1091 4478 1179 4553 fides
1210 4476 1394 4568 habenda,
1417 4479 1460 4550 ut

126 4599 174 4674 rei
203 4625 278 4678 uon
308 4601 479 4704 ignarae,
511 4601 575 4678 sed
604 4593 782 4704 expertae
810 4600 1041 4693 conceditur,
1075 4597 1235 4676 Carolus
1264 4602 1303 4673 et
1332 4595 1460 4672 Maria

129 4717 312 4799 interdum
341 4721 468 4798 effecti
496 4728 589 4800 sunt
617 4747 693 4800 una
721 4747 822 4798 caro.
